,Running Time,Genres,Title,Revenue,IMDB ID,Earliest Release Date,Domestic Distributor,Domestic Opening,MPAA,Budget
0,58 min,Documentary,Between Two Worlds (1990),{},tt0099129,,,,,
1,1 min,Animation Short,I Met a Man (1991),{},tt0102088,,,,,
2,1 hr 30 min,Comedy Drama Horror Mystery,Flexing with Monty (2010),{},tt0200641,,,,,
3,56 min,Comedy Musical,Slava's Snowshow (2001),"{'Domestic': 29493, 'International': 29493}",tt0284783,"June 28, 2012 (Russia/CIS)",,,,
4,1 hr 40 min,Comedy,Bachelor Trip (2012),{},tt0285252,,,,,
5,28 min,Short,Edie: Girl on Fire (2010),{},tt0297916,,,,,
6,1 hr 44 min,Drama Mystery Thriller,In My Sleep (2010),"{'Domestic': 30158, 'International': 30158}",tt0326965,"April 23, 2010 (Domestic)",Morning Star Pictures,9285.0,PG-13,
7,1 hr 39 min,Comedy Drama,This Wretched Life (2010),{},tt0331312,,,,,
8,1 hr 30 min,Drama,The Last New Yorker (2007),{},tt0338187,,,,,
9,58 min,Documentary,Valentina Igoshina Plays Chopin (1999),{},tt0367196,,,,,
10,26 min,Drama Music Short War,Death of a Nation (2010),{},tt0370451,,,,,
11,1 hr 27 min,Adventure Drama Fantasy Mystery Thriller,Malice in Wonderland (2009),{},tt0374853,,,,R,
12,1 hr 30 min,Action Adventure Mystery,Young Alexander the Great (2010),{},tt0390197,,,,,
13,1 hr 38 min,Comedy Drama Romance,Anderson's Cross (2010),{},tt0393049,,,,R,
14,1 hr 40 min,Adventure Animation Comedy Family Fantasy Musical Romance,Tangled (2010),"{'Domestic': 200821936, 'International': 391640880, 'Worldwide': 592462816}",tt0398286,"November 24, 2010 (Domestic)",Walt Disney Studios Motion Pictures,48767052.0,PG,260000000.0
15,1 hr 31 min,Action Crime Drama Sci-Fi Thriller,Tekken (2010),"{'Domestic': 1697207, 'International': 1697207}",tt0411951,"July 29, 2010 (Singapore)",Screen Gems,,R,
16,1 hr 52 min,Drama Mystery Sci-Fi Thriller,Disconnect (2010),{},tt0419692,,,,,
17,1 hr 35 min,Action Comedy Crime,Venus & Vegas (2010),{},tt0423474,,,,R,
18,1 hr 54 min,Comedy,Dinner for Schmucks (2010),"{'Domestic': 73026337, 'International': 13829402, 'Worldwide': 86855739}",tt0427152,"July 30, 2010 (Domestic)",DreamWorks,23527839.0,PG-13,69000000.0
19,1 hr 57 min,Action Adventure Crime Thriller,The A-Team (2010),"{'Domestic': 77222099, 'International': 100016697, 'Worldwide': 177238796}",tt0429493,"June 9, 2010 (EMEA)",Twentieth Century Fox,25669455.0,PG-13,110000000.0
20,1 hr 43 min,Adventure Animation Comedy Family Fantasy,Toy Story 3 (2010),"{'Domestic': 415004880, 'International': 652311221, 'Worldwide': 1067316101}",tt0435761,"June 16, 2010 (Egypt)",Walt Disney Studios Motion Pictures,110307189.0,,200000000.0
21,1 hr 52 min,Action Comedy Fantasy Romance,Scott Pilgrim vs. the World (2010),"{'Domestic': 33281690, 'International': 16140284, 'Worldwide': 49421974}",tt0446029,"August 12, 2010 (APAC)",Universal Pictures,10609795.0,PG-13,60000000.0
22,1 hr 32 min,Comedy Crime,Diary of a Bad Lad (2010),{},tt0449005,,,,,
23,1 hr 38 min,Drama,Mad World (2010),{},tt0451108,,,,,
24,1 hr 41 min,Horror Thriller,The Crazies (2010),"{'Domestic': 39123589, 'International': 15683234, 'Worldwide': 54806823}",tt0455407,"February 26, 2010 (Domestic, EMEA)",Overture Films,16067552.0,R,20000000.0
25,1 hr 38 min,Drama,Drunkboat (2010),{},tt0460778,,,,,
26,1 hr 28 min,Comedy Horror,Piranha 3D (2010),"{'Domestic': 25003155, 'International': 58185010, 'Worldwide': 83188165}",tt0464154,"August 20, 2010 (Domestic, EMEA)",Dimension Films,10106872.0,R,24000000.0
27,1 hr 21 min,Comedy Drama,Harlem Hostel (2010),{},tt0469094,,,,,
28,1 hr 56 min,Action Adventure Fantasy,Prince of Persia: The Sands of Time (2010),"{'Domestic': 90759676, 'International': 245606000, 'Worldwide': 336365676}",tt0473075,"July 16, 2009 (Australia)",Walt Disney Studios Motion Pictures,30095259.0,PG-13,200000000.0
29,1 hr 42 min,Thriller,The Heavy (2009),{},tt0473364,,,,R,
30,1 hr 44 min,Comedy,Stiffs (2010),{},tt0476023,,,,R,
31,1 hr 53 min,Action Crime Drama Thriller,Raakh: A Poem Masked in Blood (2007),{},tt0476847,,,,,
32,1 hr 38 min,Action Thriller,Unstoppable (2010),"{'Domestic': 81562942, 'International': 86242524, 'Worldwide': 167805466}",tt0477080,"November 10, 2010 (7 markets)",Twentieth Century Fox,22688457.0,PG-13,100000000.0
33,1 hr,Drama Sport,The Greater Meaning of Water (2010),{},tt0479051,,,,,
34,1 hr 38 min,Horror Thriller,Perfect Life (2010),{},tt0479204,,,,R,
35,1 hr 37 min,Action Adventure Comedy Crime Mystery Thriller,The Losers (2010),"{'Domestic': 23591432, 'International': 5806222, 'Worldwide': 29397654}",tt0480255,"April 22, 2010 (Malaysia)",Warner Bros.,9406348.0,PG-13,25000000.0
36,1 hr 28 min,Drama,Hiding Divya (2006),{},tt0480904,"August 20, 2010 (Domestic)",Net Effect Media,,,
37,1 hr 35 min,Comedy Drama Romance,Barry Munday (2010),{},tt0482461,"October 1, 2010 (Domestic)",Magnolia Pictures,,R,
38,1 hr 55 min,Family Sport,Chasing 3000 (2010),{},tt0483586,,,,,
39,1 hr 35 min,Horror Thriller,The Invited (2010),{},tt0490236,,,,,
40,1 hr 32 min,Comedy Family,Furry Vengeance (2010),"{'Domestic': 17630465, 'International': 18721480, 'Worldwide': 36351945}",tt0492389,"April 29, 2010 (Russia/CIS)",Summit Entertainment,6627564.0,PG,35000000.0
41,1 hr 44 min,Comedy Drama Family Fantasy,Ramona and Beezus (2010),"{'Domestic': 26167002, 'International': 1126741, 'Worldwide': 27293743}",tt0493949,"March 18, 2010 (Czech Republic)",Twentieth Century Fox,7810481.0,,15000000.0
42,1 hr 40 min,Drama,Good Sharma (2010),{},tt0494229,,,,,
43,1 hr 33 min,Documentary,Severe Clear (2009),{},tt0494826,,,,,
44,46 min,Western,Snowbound (1995),{},tt0635619,,,,,
45,1 hr 56 min,Biography Documentary Music,Who Is Harry Nilsson (And Why Is Everybody Talkin' About Him?) (2010),"{'Domestic': 30975, 'International': 30975}",tt0756727,"September 10, 2010 (Domestic)",Lorber Films,6078.0,,
46,1 hr 52 min,Comedy Drama Romance,Love & Other Drugs (2010),"{'Domestic': 32367005, 'International': 70453003, 'Worldwide': 102820008}",tt0758752,"November 24, 2010 (Domestic)",Twentieth Century Fox,9739161.0,R,30000000.0
47,1 hr 23 min,Documentary,Four Wings and a Prayer (2007),{},tt0765057,,,,,
48,1 hr 44 min,Documentary,Oceans (2009),"{'Domestic': 19422319, 'International': 63668237, 'Worldwide': 83090556}",tt0765128,"January 22, 2010 (Japan)",Walt Disney Studios Motion Pictures,6058958.0,,80000000.0
49,1 hr 32 min,Animation Family Fantasy,The Legend of Secret Pass (2010),{},tt0765465,,,,,
50,1 hr 23 min,Drama Fantasy Thriller,King of the Avenue (2010),{},tt0770778,,,,R,
51,1 hr 30 min,Drama Romance,Night Catches Us (2010),"{'Domestic': 76185, 'International': 76185}",tt0775543,"December 3, 2010 (Domestic)",Magnolia Pictures,13562.0,R,
52,1 hr 43 min,Drama Fantasy Horror Thriller,The Wolfman (2010),"{'Domestic': 61979680, 'International': 77810085, 'Worldwide': 139789765}",tt0780653,"February 10, 2010 (EMEA)",Universal Pictures,31479235.0,R,150000000.0
53,1 hr 45 min,Documentary,Snow Blind (2006),{},tt0783585,,,,,
54,1 hr 43 min,Biography Drama Romance,The First Grader (2010),"{'Domestic': 332000, 'International': 905457, 'Worldwide': 1237457}",tt0790663,"May 13, 2011 (Domestic)",National Geographic Entertainment,20437.0,PG-13,
55,1 hr 31 min,Crime Drama Thriller,13 (2010),"{'Domestic': 3701600, 'International': 3701600}",tt0798817,"September 23, 2010 (Greece)",,,R,
56,1 hr 55 min,Documentary,For Love of Liberty: The Story of America's Black Patriots (2010),{},tt0800037,,,,,
57,1 hr 46 min,Action Adventure Fantasy,Clash of the Titans (2010),"{'Domestic': 163214888, 'International': 330000105, 'Worldwide': 493214993}",tt0800320,"March 31, 2010 (Spain)",Warner Bros.,61235105.0,PG-13,125000000.0
58,1 hr 41 min,Comedy Drama Romance,It's Kind of a Funny Story (2010),"{'Domestic': 6363628, 'International': 127612, 'Worldwide': 6491240}",tt0804497,"October 8, 2010 (Domestic)",Focus Features,2013406.0,PG-13,8000000.0
59,1 hr,Documentary,A Letter to Elia (2010),{},tt0808245,,,,,
60,1 hr 41 min,Comedy Family Fantasy Sport,Tooth Fairy (2010),"{'Domestic': 60022256, 'International': 52440252, 'Worldwide': 112462508}",tt0808510,"January 7, 2010 (Chile)",Twentieth Century Fox,14010409.0,PG,48000000.0
61,1 hr 27 min,Action,Cross the Line (2010),{},tt0810815,,,,,
62,1 hr 40 min,Adventure,American Flyer (2010),{},tt0813992,,,,,
63,1 hr 30 min,Documentary,Equality U (2008),{},tt0814096,,,,,
64,1 hr 58 min,Adventure Family Fantasy,Percy Jackson & the Olympians: The Lightning Thief (2010),"{'Domestic': 88768303, 'International': 137728906, 'Worldwide': 226497209}",tt0814255,"February 10, 2010 (EMEA, APAC)",Twentieth Century Fox,31236067.0,PG,95000000.0
65,1 hr 44 min,Comedy Romance,She's Out of My League (2010),"{'Domestic': 32010860, 'International': 17768868, 'Worldwide': 49779728}",tt0815236,"March 12, 2010 (Domestic)",Paramount Pictures,9775278.0,R,20000000.0
66,1 hr 27 min,Documentary Sport,Card Subject to Change (2010),{},tt0816362,,,,,
67,1 hr 30 min,Comedy Drama Romance,Flipped (2010),"{'Domestic': 1755212, 'International': 2569605, 'Worldwide': 4324817}",tt0817177,"August 6, 2010 (Domestic)",Warner Bros.,224233.0,PG,14000000.0
68,2 hr 5 min,Comedy Romance,Valentine's Day (2010),"{'Domestic': 110528528, 'International': 106000000, 'Worldwide': 216528528}",tt0817230,"February 10, 2010 (EMEA)",Warner Bros.,56260707.0,PG-13,52000000.0
69,1 hr 31 min,Adventure Family,Magic (2010),"{'Domestic': 37122, 'International': 37122}",tt0826823,"June 24, 2010 (South Korea)",,,,
70,1 hr 16 min,Documentary,Land (2010),{},tt0831881,,,,,
71,2 hr 5 min,Crime Drama Thriller,The Town (2010),"{'Domestic': 92186262, 'International': 61839874, 'Worldwide': 154026136}",tt0840361,"September 15, 2010 (France)",Warner Bros.,23808032.0,R,37000000.0
72,1 hr 46 min,Comedy Drama Romance,The Kids Are All Right (2010),"{'Domestic': 20811365, 'International': 13947586, 'Worldwide': 34758951}",tt0842926,"July 9, 2010 (Domestic)",Focus Features,491971.0,R,4000000.0
73,1 hr 23 min,Animation Drama,My Dog Tulip (2009),"{'Domestic': 246574, 'International': 246574}",tt0843358,"September 1, 2010 (Domestic)",New Yorker Films,11550.0,,
74,1 hr 34 min,Adventure Crime Drama Romance Thriller,Killer by Nature (2010),{},tt0844866,,,,,
75,1 hr 35 min,Action Comedy,Gangster Exchange (2010),{},tt0846004,,,,R,
76,1 hr 28 min,Horror Thriller,Neowolf (2010),{},tt0847215,,,,R,
77,2 hr 1 min,Biography Drama,Risen (2010),{},tt0850709,,,,,
78,1 hr 24 min,Comedy Horror,2001 Maniacs: Field of Screams (2010),{},tt0858411,,,,R,
79,1 hr 47 min,Horror Mystery Thriller,My Soul to Take (2010),"{'Domestic': 14744435, 'International': 6756378, 'Worldwide': 21500813}",tt0872230,"October 7, 2010 (Russia/CIS)",Universal Pictures,6842220.0,R,25000000.0
80,2 hr,Documentary,Bury the Hatchet (2010),{},tt0875702,,,,,
81,1 hr 22 min,Thriller,Bulletface (2010),{},tt0878654,,,,,
82,1 hr 12 min,Documentary,First Circle (2010),{},tt0878672,,,,,
83,1 hr 27 min,Comedy Drama,Please Give (2010),"{'Domestic': 4033574, 'International': 280255, 'Worldwide': 4313829}",tt0878835,"April 30, 2010 (Domestic)",Sony Pictures Classics,118123.0,R,3000000.0
84,2 hr 13 min,Biography Drama Romance,Eat Pray Love (2010),"{'Domestic': 80574010, 'International': 124020006, 'Worldwide': 204594016}",tt0879870,"August 13, 2010 (Domestic)",Sony Pictures Entertainment (SPE),23104523.0,PG-13,60000000.0
85,1 hr 40 min,Comedy Musical Romance,AIR: The Musical (2010),{},tt0882741,,,,,
86,1 hr 30 min,Action Crime Drama History Western,Crepúsculo rojo (2008),{},tt0886472,,,,,
87,1 hr 40 min,Fantasy Thriller,Medium Raw: Night of the Wolf (2010),{},tt0886515,,,,,
88,1 hr 32 min,Horror,Hyenas (2011),{},tt0887143,,,,R,
89,1 hr 41 min,Comedy Drama Romance,The Switch (2010),"{'Domestic': 27779426, 'International': 22063585, 'Worldwide': 49843011}",tt0889573,"August 19, 2010 (Russia/CIS)",Miramax,8436713.0,PG-13,19000000.0
90,1 hr 45 min,Adventure Comedy Drama Romance,Letters to Juliet (2010),"{'Domestic': 53032453, 'International': 26260991, 'Worldwide': 79293444}",tt0892318,"May 13, 2010 (APAC)",Summit Entertainment,13540486.0,PG,30000000.0
91,1 hr 38 min,Action Adventure Animation Comedy Family Fantasy,How to Train Your Dragon (2010),"{'Domestic': 217581231, 'International': 277298240, 'Worldwide': 494879471}",tt0892769,"March 18, 2010 (EMEA, APAC)",DreamWorks,43732319.0,PG,165000000.0
92,1 hr 35 min,Adventure Animation Comedy Family Fantasy Romance,Shrek Forever After (2010),"{'Domestic': 238736787, 'International': 513864080, 'Worldwide': 752600867}",tt0892791,"May 20, 2010 (EMEA, APAC)",DreamWorks,70838207.0,PG,165000000.0
93,1 hr 34 min,Comedy Romance,Friends (with Benefits) (2009),{},tt0896811,,,,,
94,1 hr 52 min,Biography Crime Drama,The Whistleblower (2010),"{'Domestic': 1124966, 'International': 745426, 'Worldwide': 1870392}",tt0896872,"August 5, 2011 (Domestic)",The Samuel Goldwyn Company,61002.0,R,
95,1 hr 29 min,Drama,Don't Fade Away (2011),{},tt0899145,,,,,
96,1 hr 38 min,Horror Mystery Thriller,Psych:9 (2010),{},tt0901504,,,,R,
97,,Crime Drama Thriller,Acts of Violence (2010),{},tt0902247,,,,R,
98,1 hr 11 min,Horror,Butchered (2010),{},tt0902262,,,,,
99,11 min,Action Short Thriller,Red Princess Blues (2010),{},tt0903012,,,,,
100,1 hr 30 min,Action Crime Thriller,Westbrick Murders (2010),{},tt0903036,,,,R,
101,1 hr 20 min,Comedy Drama Romance,Life in Flight (2008),{},tt0910915,,,,,
102,1 hr 18 min,Thriller,House Under Siege (2010),{},tt0914823,,,,R,
103,1 hr 37 min,Crime Drama Thriller,Unthinkable (2010),"{'Domestic': 1669947, 'International': 1669947}",tt0914863,"May 26, 2010 (Belgium)",,,R,
104,1 hr 31 min,Comedy Sci-Fi War,Jackboots on Whitehall (2010),"{'Domestic': 20776, 'International': 20776}",tt0915463,"October 8, 2010 (United Kingdom)",,,,
105,1 hr 26 min,Horror Sci-Fi,Plaguers (2008),{},tt0918554,,,,R,
106,1 hr 14 min,Horror Thriller,Victim (2010),{},tt0918575,,,,,
107,1 hr 29 min,Action Horror Sci-Fi,The Dead Undead (2010),{},tt0923653,,,,R,
108,1 hr 24 min,Drama Mystery Thriller,Truth About Kerry (2010),{},tt0923954,,,,,
109,2 hr 26 min,Adventure Family Fantasy Mystery,Harry Potter and the Deathly Hallows: Part 1 (2010),"{'Domestic': 296374621, 'International': 676209610, 'Worldwide': 972584232}",tt0926084,"November 17, 2010 (APAC, EMEA)",Warner Bros.,125017372.0,PG-13,
110,1 hr 29 min,Comedy,The Penthouse (2010),{},tt0929618,,,,R,
111,1 hr 32 min,Action Crime Drama,The Waiter (2010),{},tt0934981,,,,,
112,1 hr 31 min,Drama,Rabbit Hole (2010),"{'Domestic': 2229058, 'International': 2915659, 'Worldwide': 5144717}",tt0935075,"December 17, 2010 (Domestic)",Lions Gate Films,53778.0,PG-13,5000000.0
113,1 hr 43 min,Action Adventure Family Fantasy,The Last Airbender (2010),"{'Domestic': 131772187, 'International': 187941694, 'Worldwide': 319713881}",tt0938283,"July 1, 2010 (Domestic)",Paramount Pictures,40325019.0,PG,150000000.0
114,1 hr 41 min,Adventure Family Fantasy,Arthur 3: The War of the Two Worlds (2010),"{'Domestic': 33885979, 'International': 33885979}",tt0940656,"October 13, 2010 (France)",,,PG,
115,1 hr 28 min,Drama Thriller,White Knuckles (2010),{},tt0942906,,,,,
116,1 hr 40 min,Action Thriller,Salt (2010),"{'Domestic': 118311368, 'International': 175191986, 'Worldwide': 293503354}",tt0944835,"July 21, 2010 (Egypt)",Sony Pictures Entertainment (SPE),36011243.0,PG-13,110000000.0
117,1 hr 48 min,Drama Thriller,Black Swan (2010),"{'Domestic': 106954678, 'International': 222443368, 'Worldwide': 329398046}",tt0947798,"December 3, 2010 (Domestic)",Fox Searchlight,1443809.0,R,13000000.0
118,1 hr 55 min,Action Drama Thriller War,Green Zone (2010),"{'Domestic': 35053660, 'International': 78323934, 'Worldwide': 113377594}",tt0947810,"December 9, 2009 (France)",Universal Pictures,14309295.0,R,100000000.0
119,1 hr 28 min,Drama,Coffee Sex You (2014),{},tt0949872,,,,,
120,1 hr 49 min,Crime Drama Mystery Thriller,The Killer Inside Me (2010),"{'Domestic': 217277, 'International': 3834914, 'Worldwide': 4052191}",tt0954947,"June 4, 2010 (United Kingdom)",IFC Films,11083.0,R,13000000.0
121,2 hr 20 min,Action Adventure Drama History,Robin Hood (2010),"{'Domestic': 105269730, 'International': 216400011, 'Worldwide': 321669741}",tt0955308,"May 12, 2010 (APAC, EMEA)",Universal Pictures,36063385.0,PG-13,200000000.0
122,1 hr 26 min,Crime Drama Horror Mystery Thriller,Nine Dead (2009),{},tt0959329,,,,R,
123,1 hr 30 min,Drama,Heart of Now (2010),{},tt0960067,,,,,
124,1 hr 25 min,Documentary,Beautiful Darling (2010),"{'Domestic': 34096, 'International': 34096}",tt0960730,"April 22, 2011 (Domestic)",Corinth Films,12406.0,,
125,1 hr 25 min,Documentary,"Truth in Numbers? Everything, According to Wikipedia (2010)",{},tt0960864,,,,,
126,1 hr 35 min,Comedy,Made in Romania (2010),{},tt0963177,,,,,
127,1 hr 26 min,Crime Documentary,Feast of the Assumption: BTK and the Otero Family Murders (2010),{},tt0963292,,,,,
128,1 hr 49 min,Action Adventure Family Fantasy,The Sorcerer's Apprentice (2010),"{'Domestic': 63150991, 'International': 152132751, 'Worldwide': 215283742}",tt0963966,"July 14, 2010 (Domestic)",Walt Disney Studios Motion Pictures,17619622.0,PG,150000000.0
129,1 hr 56 min,Action Biography Drama Sport,The Fighter (2010),"{'Domestic': 93617009, 'International': 35573860, 'Worldwide': 129190869}",tt0964517,"November 20, 2009 (Romania)",Paramount Pictures,300010.0,R,25000000.0
130,1 hr 27 min,Comedy,Pushin' Up Daisies (2010),{},tt0964544,,,,,
131,1 hr 35 min,Action Mystery Sci-Fi Thriller,White Wall (2010),{},tt0969653,,,,,
132,1 hr 30 min,Action Comedy Horror Sci-Fi,Mutant Vampire Zombies from the 'Hood! (2008),{},tt0970520,,,,,
133,1 hr 38 min,Comedy Romance,Little Fockers (2010),"{'Domestic': 148438600, 'International': 162211985, 'Worldwide': 310650585}",tt0970866,"December 22, 2010 (EMEA, Domestic)",Universal Pictures,30833665.0,PG-13,100000000.0
134,1 hr 41 min,Comedy Drama,The Chosen One (2010),{},tt0970926,,,,PG-13,
135,1 hr 22 min,Horror,Long Pigs (2007),{},tt0971204,,,,,
136,1 hr 20 min,Crime Thriller,Modus Operandi (2009),{},tt0972855,,,,,
137,1 hr 33 min,Action Horror Mystery Thriller,Headhunter: The Assessment Weekend (2010),{},tt0973809,,,,,
138,1 hr 42 min,Drama,Black Limousine (2010),{},tt0974584,,,,R,
139,1 hr 28 min,Action Biography Crime Drama,Sinatra Club (2010),{},tt0975738,,,,,
140,1 hr 48 min,Biography Drama Thriller,Fair Game (2010),"{'Domestic': 9540691, 'International': 16266262, 'Worldwide': 25806953}",tt0977855,"October 22, 2010 (Italy)",Summit Entertainment,651082.0,PG-13,22000000.0
141,1 hr 39 min,Comedy,Lottery Ticket (2010),"{'Domestic': 24719879, 'International': 24719879}",tt0979434,"August 20, 2010 (Domestic)",Warner Bros.,10652297.0,PG-13,17000000.0
142,1 hr 53 min,Adventure Family Fantasy,The Chronicles of Narnia: The Voyage of the Dawn Treader (2010),"{'Domestic': 104386950, 'International': 311299267, 'Worldwide': 415686217}",tt0980970,"December 2, 2010 (Australia)",Twentieth Century Fox,24005069.0,PG,155000000.0
143,1 hr 37 min,Comedy Drama Romance,Multiple Sarcasms (2010),"{'Domestic': 29731, 'International': 29731}",tt0984210,"May 7, 2010 (Domestic)",MAC Releasing,16025.0,R,
144,1 hr 45 min,Action Crime Thriller,Machete (2010),"{'Domestic': 26593646, 'International': 18898010, 'Worldwide': 45491656}",tt0985694,"September 2, 2010 (APAC, EMEA)",Twentieth Century Fox,11416164.0,R,10500000.0
145,1 hr 30 min,Horror,The Gainesville Ripper (2010),{},tt0988858,,,,,
146,1 hr 48 min,Drama Romance War,Dear John (2010),"{'Domestic': 80014842, 'International': 34969824, 'Worldwide': 114984666}",tt0989757,"February 5, 2010 (Domestic, APAC)",Screen Gems,30468614.0,PG-13,25000000.0
147,1 hr 21 min,Horror Thriller,Detention (2010),{},tt0990363,,,,,
148,54 min,Documentary,No Sweat (2006),{},tt0991233,,,,,
149,1 hr 23 min,Action Adventure Comedy Family Fantasy Mystery Sport,Adventure Scouts (2010),{},tt0994917,,,,,
150,1 hr 36 min,Drama Thriller,The Experiment (2010),"{'Domestic': 716580, 'International': 716580}",tt0997152,"January 18, 2002 (Spain)",,,R,
151,1 hr 35 min,Action Animation Comedy Crime Family Mystery Sci-Fi Thriller,Megamind (2010),"{'Domestic': 148415853, 'International': 173469912, 'Worldwide': 321885765}",tt1001526,"October 28, 2010 (Ukraine)",DreamWorks,46016833.0,PG,130000000.0
152,1 hr,Documentary,Call of Life (2010),{},tt1002965,,,,,
153,10 min,Short,Happy Birthday (2010),{},tt10066604,,,,,
154,1 hr 31 min,Horror,Last Breath (2010),{},tt1006907,,,,,
155,1 hr 49 min,Action Adventure Comedy,Knight and Day (2010),"{'Domestic': 76423035, 'International': 185566734, 'Worldwide': 261989769}",tt1013743,"February 28, 2008 (South Korea)",,,PG-13,117000000.0
156,1 hr 48 min,Adventure Family Fantasy Mystery,Alice in Wonderland (2010),"{'Domestic': 334191110, 'International': 691277106, 'Worldwide': 1025468216}",tt1014759,"March 3, 2010 (EMEA)",Walt Disney Studios Motion Pictures,116101023.0,PG,200000000.0
157,1 hr 28 min,Horror Romance Thriller,The Cursed (2010),{},tt1016090,,,,,
158,1 hr 33 min,Comedy Drama Romance,Prime of Your Life (2010),{},tt1016226,,,,,
159,1 hr 25 min,Horror Thriller,Splintered (2010),{},tt1016241,,,,,
160,1 hr 46 min,Biography Drama Music,The Runaways (2010),"{'Domestic': 3573673, 'International': 1107978, 'Worldwide': 4681651}",tt1017451,"March 19, 2010 (Domestic)",Apparition,805115.0,R,10000000.0
161,1 hr 22 min,Horror Thriller,The Tortured (2010),"{'Domestic': 319421, 'International': 319421}",tt1017464,"September 29, 2011 (United Arab Emirates)",,,R,
162,1 hr 50 min,Adventure Comedy,Jeffie Was Here (2010),{},tt1019442,,,,,
163,1 hr 37 min,Action Drama History War,Centurion (2010),"{'Domestic': 123570, 'International': 6766862, 'Worldwide': 6890432}",tt1020558,"April 22, 2010 (Greece)",Magnolia Pictures,42826.0,R,12000000.0
164,2 hr 7 min,Documentary Sport,Takedowns and Falls (2010),{},tt1020904,,,,,
165,7 min,Animation Short,The Pigeon Finds a Hot Dog! (2010),{},tt10219828,,,,,
166,1 hr 33 min,Drama Thriller,The Scouting Book for Boys (2009),{},tt1022885,,,,,
167,2 hr 13 min,Adventure Drama History,The Way Back (2010),"{'Domestic': 2701859, 'International': 21470342, 'Worldwide': 24172201}",tt1023114,"March 31, 2010 (Denmark)",Newmarket Films,1218868.0,PG-13,30000000.0
168,,Crime,Kingshighway (2010),{},tt1023339,,,,,
169,17 min,Drama Horror Short Thriller,8 Butterflies (2010),{},tt1024702,,,,,
170,11 min,Animation Short,Naked Mole Rat Gets Dressed (2010),{},tt10260516,,,,,
171,1 hr 53 min,Action Crime Thriller,Kill Speed (2010),{},tt1027683,,,,R,
172,2 hr 13 min,Drama,Wall Street: Money Never Sleeps (2010),"{'Domestic': 52474616, 'International': 82273405, 'Worldwide': 134748021}",tt1027718,"September 22, 2010 (EMEA, APAC)",Twentieth Century Fox,19011188.0,PG-13,70000000.0
173,2 hr 3 min,Biography Drama Family History Sport,Secretariat (2010),"{'Domestic': 59713955, 'International': 607906, 'Worldwide': 60321861}",tt1028576,"October 8, 2010 (Domestic)",Walt Disney Studios Motion Pictures,12694770.0,PG,35000000.0
174,1 hr 32 min,Adventure Drama Fantasy,From Time to Time (2009),"{'Domestic': 159640, 'International': 159640}",tt1031241,"May 12, 2011 (New Zealand)",,,PG,
175,1 hr 40 min,Action Drama Fantasy Western,The Warrior's Way (2010),"{'Domestic': 5666340, 'International': 5437094, 'Worldwide': 11103434}",tt1032751,"December 1, 2010 (South Korea)",Relativity Media,3048665.0,R,42000000.0
176,1 hr 59 min,Drama,The Other Woman (2009),"{'Domestic': 25423, 'International': 1425920, 'Worldwide': 1451343}",tt1032825,"October 29, 2010 (Russia/CIS)",IFC Films,6224.0,R,
177,1 hr 42 min,Sci-Fi,The Photon Effect (2010),{},tt1037124,,,,,
178,1 hr 58 min,Action Adventure Drama Thriller,The Book of Eli (2010),"{'Domestic': 94835059, 'International': 62272696, 'Worldwide': 157107755}",tt1037705,"January 14, 2010 (APAC, EMEA)",Warner Bros.,32789494.0,R,80000000.0
179,1 hr 33 min,Action Sci-Fi Thriller,The King of Fighters (2010),"{'Domestic': 502153, 'International': 502153}",tt1038685,"August 26, 2010 (Singapore)",,,,
180,1 hr 40 min,Action Fantasy Horror,Legion (2010),"{'Domestic': 40168080, 'International': 27750578, 'Worldwide': 67918658}",tt1038686,"January 21, 2010 (APAC)",Screen Gems,17501625.0,R,26000000.0
181,1 hr 50 min,Action Comedy Romance,The Bounty Hunter (2010),"{'Domestic': 67061228, 'International': 69272294, 'Worldwide': 136333522}",tt1038919,"March 18, 2010 (APAC, EMEA)",Sony Pictures Entertainment (SPE),20686423.0,PG-13,40000000.0
182,1 hr 44 min,Comedy Drama,The Immaculate Conception of Little Dizzle (2009),{},tt1039786,,,,,
183,1 hr 50 min,Comedy Drama Mystery,Let the Game Begin (2010),{},tt1041778,,,,,
184,1 hr 50 min,Action Family Fantasy Musical,The Nutcracker: The Untold Story (2010),"{'Domestic': 195459, 'International': 16982534, 'Worldwide': 17177993}",tt1041804,"November 24, 2010 (Domestic)",Freestyle Releasing,65944.0,PG,90000000.0
185,1 hr 30 min,Drama,Just Inès (2010),{},tt1042974,,,,,
186,1 hr 27 min,Action Sci-Fi Thriller,Dark Island (2010),{},tt1043651,,,,R,
187,1 hr 50 min,Romance Thriller,Falling Awake (2009),"{'Domestic': 1978, 'International': 1978}",tt1043756,"January 29, 2010 (Domestic)",IFC Films,847.0,R,
188,1 hr 48 min,Horror Mystery Thriller,Ghost Hoax (2010),{},tt1046174,,,,,
189,1 hr 39 min,Drama Horror Thriller,Camp Hell (2010),{},tt1047449,,,,R,
190,1 hr 24 min,Biography Drama Romance,Howl (2010),"{'Domestic': 617334, 'International': 997476, 'Worldwide': 1614810}",tt1049402,"August 27, 2010 (Italy)",Oscilloscope,51185.0,R,
191,1 hr 19 min,Documentary Drama Sci-Fi,The Singularity Is Near (2010),{},tt1049412,,,,,
192,1 hr 30 min,Comedy,My Last Five Girlfriends (2009),"{'Domestic': 257317, 'International': 257317}",tt1050002,"April 8, 2011 (Mexico)",,,,
193,1 hr 26 min,Horror,The Portal (2010),{},tt1051253,,,,,
194,1 hr 24 min,Drama Music,Ivory (2010),{},tt1051340,,,,,
195,1 hr 37 min,Drama,Lost Everything (2010),{},tt1051715,,,,,
196,1 hr 51 min,Action Sci-Fi Thriller,Repo Men (2010),"{'Domestic': 13794835, 'International': 4615056, 'Worldwide': 18409891}",tt1053424,"March 19, 2010 (Domestic)",Universal Pictures,6126170.0,R,32000000.0
197,1 hr 55 min,Comedy Drama Romance,Life as We Know It (2010),"{'Domestic': 53374681, 'International': 52359735, 'Worldwide': 105734416}",tt1055292,"October 7, 2010 (Argentina)",Warner Bros.,14506464.0,PG-13,38000000.0
198,1 hr 33 min,Fantasy Horror,The Dead Matter (2010),{},tt1055363,,,,,
199,1 hr 32 min,Drama,Down for Life (2009),"{'Domestic': 41914, 'International': 41914}",tt1056477,"January 14, 2011 (Domestic)",B.D. Fox Independent,23176.0,R,
200,1 hr 25 min,Crime Thriller,Four Stories of St. Julian (2010),{},tt1059790,,,,,
201,1 hr 43 min,Comedy Drama,Spud (2010),"{'Domestic': 2415999, 'International': 2415999}",tt1059969,"December 3, 2010 (South Africa)",,,,
202,1 hr 34 min,Drama,Small Town Saturday Night (2010),{},tt1063111,,,,R,
203,1 hr 30 min,Action Drama,Bare Knuckles (2010),{},tt1063327,,,,PG-13,
204,1 hr 34 min,Documentary,The Evolution of Dad (2010),{},tt1064947,,,,,
205,1 hr 46 min,Comedy Horror Musical,The Vampires of Zanzibar (2010),{},tt1067090,,,,,
206,1 hr 23 min,Drama Thriller,Burlesque Fairytales (2009),{},tt1067104,,,,,
207,1 hr 24 min,Comedy,Good Intentions (2010),{},tt1070781,,,,PG-13,
208,1 hr 34 min,Drama Thriller,The Dead Sleep (2010),{},tt1071783,,,,,
209,1 hr 44 min,Comedy Romance,Jelly (2010),{},tt1071877,,,,,
210,1 hr 32 min,Thriller,Messages Deleted (2010),{},tt1072754,,,,,
211,1 hr 31 min,Comedy Romance,See You in September (2010),{},tt1073246,,,,,
212,1 hr 21 min,Action Drama Fantasy Thriller Western,Jonah Hex (2010),"{'Domestic': 10547117, 'International': 356195, 'Worldwide': 10903312}",tt1075747,"June 18, 2010 (Domestic)",Warner Bros.,5379365.0,PG-13,47000000.0
213,1 hr 35 min,Drama,The Beautiful and Damned (2009),{},tt1077234,,,,,
214,1 hr 45 min,Action Crime Drama Thriller,Krews (2010),{},tt1078583,,,,,
215,1 hr 27 min,Action Horror Thriller,Elimination (2010),{},tt1078597,,,,,
216,,Horror Thriller,Hysteria (2010),{},tt1078897,,,,,
217,1 hr 28 min,Drama,Happiness Runs (2010),"{'Domestic': 7199, 'International': 7199}",tt1079964,"May 7, 2010 (Domestic)",Strand Releasing,2674.0,,
218,1 hr 38 min,Comedy Drama,10 Years Later (2010),{},tt1079974,,,,,
219,1 hr 47 min,Action Crime Drama,Pusher (2010),{},tt1082075,,,,,
220,1 hr 36 min,Action Crime Thriller,Deadly Impact (2010),{},tt1082577,,,,,
221,1 hr 40 min,Action,Mexican Bloodbath (2010),{},tt1084717,,,,,
222,1 hr 19 min,Animation Comedy Family,Unstable Fables: The Goldilocks and the 3 Bears Show (2008),"{'Domestic': 10080, 'International': 10080}",tt1086780,"June 12, 2009 (Iceland)",,,G,
223,1 hr 33 min,Crime,Once Fallen (2010),{},tt1087524,,,,R,
224,1 hr 27 min,Drama,Consent (2010),{},tt1090749,,,,,
225,44 min,Action Adventure Sci-Fi Short,Max Neptune and the Menacing Squid (2010),{},tt1090753,,,,,
226,1 hr 20 min,Biography Documentary,With Great Power: The Stan Lee Story (2010),{},tt1091863,,,,,
227,1 hr 45 min,Crime Drama Mystery Romance Thriller,Shanghai (2010),"{'Domestic': 46425, 'International': 15256425, 'Worldwide': 15302850}",tt1092634,"September 18, 2009 (Bulgaria)",,,R,
228,1 hr 30 min,Drama,Louis (2010),{},tt1093902,,,,R,
229,1 hr 34 min,Action Adventure Horror Sci-Fi Thriller,The Rig (2010),{},tt1093906,,,,R,
230,1 hr 18 min,Documentary,The Visual Language of Herbert Matter (2011),{},tt1094615,,,,,
231,1 hr 48 min,Biography Drama Sport,The Hammer (2010),"{'Domestic': 30929, 'International': 30929}",tt1094666,"May 9, 2013 (Hong Kong)",,,PG-13,
232,1 hr 19 min,Drama Thriller,Forgotten Pills (2010),{},tt1095180,,,,,
233,1 hr 26 min,Drama,Morning (2010),{},tt1095417,,,,,
234,1 hr 39 min,Horror Thriller,Shadowland (2008),{},tt1097017,,,,R,
235,1 hr 49 min,Crime Horror Thriller,Bereavement (2010),"{'Domestic': 43712, 'International': 43712}",tt1100051,"March 4, 2011 (Domestic)",Crimson Films/PMK*BNC,20744.0,R,
236,1 hr 33 min,Drama,Broken Sun (2010),"{'Domestic': 4799, 'International': 4799}",tt1101031,"April 24, 2008 (Australia)",,,,
237,1 hr 31 min,Drama Horror,Thirst (2010),{},tt1101048,,,,R,
238,1 hr 40 min,Action Comedy Romance Thriller,Killers (2010),"{'Domestic': 47059963, 'International': 51100000, 'Worldwide': 98159963}",tt1103153,"June 2, 2010 (Egypt)",Lions Gate Films,15837266.0,PG-13,75000000.0
239,1 hr 20 min,Comedy,Something Like a Business (2010),{},tt1103255,,,,R,
240,1 hr 19 min,Comedy Drama,Peep World (2010),"{'Domestic': 14351, 'International': 14351}",tt1103273,"March 25, 2011 (Domestic)",IFC Films,6702.0,R,
241,2 hr 5 min,Action Adventure Sci-Fi,TRON: Legacy (2010),"{'Domestic': 172062763, 'International': 228001089, 'Worldwide': 400063852}",tt1104001,"December 16, 2010 (13 markets)",Walt Disney Studios Motion Pictures,44026211.0,PG,170000000.0
242,1 hr 30 min,Adventure Family Fantasy,The Five (2010),{},tt1104779,,,,,
243,1 hr 51 min,Drama,Eva (2010),"{'Domestic': 34887, 'International': 34887}",tt1105740,"October 7, 2010 (Romania)",,,,
244,1 hr 15 min,Comedy,Zonad (2009),{},tt1105748,,,,,
245,1 hr 48 min,Crime Thriller,Ca$h (2010),"{'Domestic': 46488, 'International': 46488}",tt1106860,"March 26, 2010 (Domestic)",Roadside Attractions,16469.0,R,
246,1 hr 30 min,Comedy Drama,Dirty Girl (2010),"{'Domestic': 55125, 'International': 88360, 'Worldwide': 143485}",tt1107319,"October 7, 2011 (Domestic)",The Weinstein Company,17859.0,R,
247,1 hr 30 min,Animation Comedy Sci-Fi,Mars (2010),"{'Domestic': 128114, 'International': 128114}",tt1109488,"November 11, 2004 (Russia/CIS)",,,,
248,1 hr 18 min,Documentary,Tapestries of Hope (2009),{},tt1109523,,,,,
249,1 hr 38 min,Drama Thriller,Kalamity (2010),{},tt1109594,"October 22, 2010 (Domestic)",Original 4 Releasing,,R,
250,1 hr 45 min,Comedy Drama Music Musical,Clear Blue Tuesday (2009),{},tt1111295,,,,,
251,1 hr 36 min,Documentary,The Elephant in the Living Room (2010),{},tt1111313,,,,PG,
252,1 hr 30 min,Drama Romance Thriller,Carmen's Kiss (2010),{},tt1116183,,,,,
253,1 hr 34 min,Action Comedy Documentary,Jackass 3D (2010),"{'Domestic': 117229692, 'International': 54456100, 'Worldwide': 171685792}",tt1116184,"October 15, 2010 (Domestic)",Paramount Pictures,50353641.0,R,20000000.0
254,1 hr 44 min,Drama,...Around (2008),{},tt1117378,,,,,
255,1 hr 26 min,Drama,Breathe (2009),{},tt1117380,,,,,
256,1 hr 45 min,Comedy Crime,A Fork in the Road (2010),{},tt1117386,,,,,
257,1 hr 33 min,Biography Drama History,The Special Relationship (2010),"{'Domestic': 550789, 'International': 550789}",tt1117646,"August 5, 2010 (Australia)",,,,
258,2 hr 4 min,Crime Drama Music Thriller,King of Paper Chasin' (2011),{},tt1117668,,,,R,
259,1 hr 17 min,Drama Romance,My Normal (2009),{},tt1117983,,,,,
260,1 hr 49 min,Comedy Drama,The Calling (2009),{},tt1118660,,,,,
261,20 min,Drama Short,Black (2010),{},tt11188246,,,,,
262,1 hr 52 min,Drama Romance,Blue Valentine (2010),"{'Domestic': 9706328, 'International': 5734005, 'Worldwide': 15440333}",tt1120985,"December 27, 2010 (Australia)",The Weinstein Company,193728.0,R,1000000.0
263,1 hr 43 min,Thriller,Formosa Betrayed (2009),"{'Domestic': 225341, 'International': 100693, 'Worldwide': 326034}",tt1121786,"February 26, 2010 (Domestic)",Screen Media Films,77326.0,R,
264,1 hr 29 min,Documentary,And Everything Is Going Fine (2010),"{'Domestic': 22080, 'International': 22080}",tt1122614,"December 10, 2010 (Domestic)",IFC Films,7035.0,,
265,,Action Adventure Sci-Fi,Atom Nine Adventures (2007),{},tt1123366,,,,,
266,1 hr 31 min,Documentary,See What I'm Saying: The Deaf Entertainers Documentary (2009),"{'Domestic': 118206, 'International': 118206}",tt1125387,"March 19, 2010 (Domestic)",Worldplay,4996.0,PG-13,
267,1 hr,Documentary,Whisky - The Islay Edition (2010),{},tt11256976,,,,,
268,1 hr 59 min,Drama Music Musical Romance,Burlesque (2010),"{'Domestic': 39440655, 'International': 50079681, 'Worldwide': 89520336}",tt1126591,"November 24, 2010 (LATAM, Domestic)",Screen Gems,11947744.0,PG-13,55000000.0
269,1 hr 47 min,Comedy Drama Romance,Morning Glory (2010),"{'Domestic': 31011732, 'International': 29029244, 'Worldwide': 60040976}",tt1126618,"November 10, 2010 (Domestic)",Paramount Pictures,9203266.0,PG-13,40000000.0
270,1 hr 32 min,Thriller,True Nature (2011),{},tt1127897,,,,,
271,1 hr 51 min,Drama Sci-Fi,Radio Free Albemuth (2010),"{'Domestic': 9365, 'International': 9365}",tt1129396,"June 27, 2014 (Domestic)",Freestyle Releasing,5553.0,R,
272,1 hr 29 min,Drama,Another Harvest Moon (2010),{},tt1129404,,,,PG-13,
273,1 hr 28 min,Horror Thriller,Circle (2010),"{'Domestic': 10024, 'International': 10024}",tt1129412,"August 27, 2010 (Domestic)",Indican Pictures,3926.0,,
274,1 hr 32 min,Comedy Crime,Miss Nobody (2010),"{'Domestic': 90647, 'International': 90647}",tt1129427,"July 21, 2011 (Russia/CIS)",,,R,
275,45 min,Documentary,Legends of Flight (2010),{},tt1130089,,,,,
276,1 hr 27 min,Comedy,Swishbucklers (2010),{},tt1130092,,,,,
277,2 hr 18 min,Mystery Thriller,Shutter Island (2010),"{'Domestic': 128012934, 'International': 166792763, 'Worldwide': 294805697}",tt1130884,"February 18, 2010 (APAC, EMEA)",Paramount Pictures,41062440.0,R,80000000.0
278,1 hr 41 min,Biography Drama Sport,The 5th Quarter (2010),"{'Domestic': 408159, 'International': 408159}",tt1130964,"March 25, 2011 (Domestic)",Rocky Mountain Pictures,202342.0,PG-13,
279,1 hr 44 min,Action Crime Thriller,Sinners and Saints (2010),{},tt1130969,,,,R,
280,1 hr 9 min,Comedy,Maria Costa's Macho Men and the Women Who Love Them (2010),{},tt1131737,,,,,
281,56 min,Animation Drama History War,Maharaja: The Story of Ranjit Singh (2010),{},tt11317462,,,,,
282,2 hr 14 min,Biography Drama,You Don't Know Jack (2010),{},tt1132623,,,,,
283,1 hr 29 min,Comedy Horror Sci-Fi,ZMD: Zombies of Mass Destruction (2009),{},tt1134674,,,,R,
284,1 hr 18 min,Comedy Drama,Donkeys (2010),{},tt1134846,,,,,
285,1 hr 30 min,Comedy Drama Horror Thriller,Survival of the Dead (2009),"{'Domestic': 101740, 'International': 284338, 'Worldwide': 386078}",tt1134854,"May 6, 2010 (Germany)",Magnolia Pictures,43757.0,R,4000000.0
286,1 hr 47 min,Action Crime Drama Thriller,Takers (2010),"{'Domestic': 57744720, 'International': 22460662, 'Worldwide': 80205382}",tt1135084,"March 5, 2010 (Bulgaria)",Screen Gems,20512304.0,PG-13,32000000.0
287,1 hr 26 min,Action Adventure,Abelar: Tales of an Ancient Empire (2010),{},tt1136688,,,,R,
288,,Comedy,The Story of F*** (2010),{},tt1137482,,,,,
289,2 hr 8 min,Crime Drama Mystery Thriller,The Ghost Writer (2010),"{'Domestic': 15541549, 'International': 44789898, 'Worldwide': 60331447}",tt1139328,"February 18, 2010 (Germany)",Summit Entertainment,183009.0,PG-13,45000000.0
290,1 hr 29 min,Biography Crime Drama History,Holy Rollers (2010),"{'Domestic': 303064, 'International': 441202, 'Worldwide': 744266}",tt1143896,"May 21, 2010 (Domestic)",First Independent Pictures,39685.0,R,
291,1 hr 30 min,Comedy,Holyman Undercover (2010),{},tt1144546,,,,,
292,16 min,Comedy Short,Obsession (2010),{},tt11459610,,,,,
293,1 hr 28 min,Horror,Chain Letter (2010),"{'Domestic': 138788, 'International': 716397, 'Worldwide': 855185}",tt1148200,"October 1, 2010 (Domestic)",New Films Cinema,138788.0,R,3000000.0
294,1 hr 29 min,Drama Thriller,Cuckoo (2009),"{'Domestic': 3587, 'International': 3587}",tt1148779,"December 17, 2010 (United Kingdom)",,,,
295,46 min,Drama Musical,NY Export: Opus Jazz (2010),{},tt1152278,,,,,
296,1 hr 33 min,Documentary,Freakonomics (2010),"{'Domestic': 101270, 'International': 20946, 'Worldwide': 122216}",tt1152822,"October 1, 2010 (Domestic)",Magnolia Pictures,31893.0,PG-13,2900000.0
297,1 hr 33 min,Documentary Sport,Racing Dreams (2009),"{'Domestic': 65082, 'International': 65082}",tt1152840,"May 21, 2010 (Domestic)",Hannover House,20048.0,PG,
298,1 hr 19 min,Action Adventure Fantasy Horror,BloodRayne: The Third Reich (2011),{},tt1153546,,,,R,
299,28 min,Comedy Short,Cool Guys (2008),{},tt11540148,,,,,
300,2 hr 20 min,Action Drama Family Sport,The Karate Kid (2010),"{'Domestic': 176591618, 'International': 182534404, 'Worldwide': 359126022}",tt1155076,"June 10, 2010 (APAC)",Sony Pictures Entertainment (SPE),55665805.0,PG,40000000.0
301,,Documentary,41st and Central: The Untold Story of the L.A. Black Panther Party (2010),{},tt11558154,,,,,
302,1 hr 36 min,Action Crime Drama Sport,Undisputed 3: Redemption (2010),"{'Domestic': 285709, 'International': 285709}",tt1156466,"June 17, 2010 (United Arab Emirates)",,,R,
303,1 hr 23 min,Drama,Cold Water of the Sea (2010),{},tt1156527,,,,,
304,1 hr,Documentary,Post Ductility: Metals in Architecture and Structural Engineering (2010),{},tt11579452,,,,,
305,1 hr 30 min,Comedy Horror,Little Big Boy (2012),{},tt1158934,,,,,
306,1 hr 27 min,Documentary,Lucky (2010),{},tt1159712,,,,,
307,1 hr 30 min,Thriller,Order of Chaos (2010),{},tt1159721,,,,R,
308,1 hr 42 min,Comedy Romance,Heels (2010),{},tt1160371,,,,,
309,1 hr 40 min,Comedy,Harvey Putter and the Ridiculous Premise (2010),{},tt1161421,,,,,
310,1 hr 22 min,Documentary,The Street Stops Here (2010),{},tt1162126,,,,,
311,,Music,A Beautiful Exchange (2010),{},tt11651246,,,,,
312,1 hr 31 min,Documentary,Kevorkian (2010),{},tt1167512,,,,,
313,1 hr 30 min,Comedy Horror Thriller,Boston Girls (2010),{},tt1168696,,,,,
314,1 hr 35 min,Comedy Drama,Misconceptions (2008),"{'Domestic': 6892, 'International': 6892}",tt1172066,"January 22, 2010 (Domestic)",Regent Releasing,3796.0,,
315,1 hr 44 min,Drama,The Company Men (2010),"{'Domestic': 4441272, 'International': 3645728, 'Worldwide': 8087000}",tt1172991,"January 21, 2011 (Domestic)",The Weinstein Company,647797.0,R,15000000.0
316,4 min,Short,February (2010),{},tt11753652,,,,,
317,5 min,Short,June (2010),{},tt11753658,,,,,
318,1 hr 41 min,Crime Drama Mystery Romance Thriller,All Good Things (2010),"{'Domestic': 582024, 'International': 1172365, 'Worldwide': 1754389}",tt1175709,"July 24, 2009 (Bulgaria)",,,R,
319,1 hr 33 min,Comedy,Failing Better Now (2010),{},tt1176728,,,,,
320,1 hr 32 min,Action Crime Thriller,From Paris with Love (2010),"{'Domestic': 24077427, 'International': 28767069, 'Worldwide': 52844496}",tt1179034,"February 4, 2010 (APAC, EMEA)",Lions Gate Films,8158860.0,R,52000000.0
321,1 hr 35 min,Crime Drama Horror Mystery,A Nightmare on Elm Street (2010),"{'Domestic': 63075011, 'International': 52620328, 'Worldwide': 115695339}",tt1179056,"April 30, 2010 (Domestic)",Warner Bros.,32902299.0,R,35000000.0
322,1 hr 52 min,Horror Thriller,6 Souls (2010),"{'Domestic': 3205167, 'International': 3205167}",tt1179069,"April 9, 2010 (United Kingdom)",RADiUS-TWC,,R,
323,1 hr 28 min,Drama,Otra ciudad (2009),{},tt1179422,,,,,
324,1 hr 47 min,Comedy,Todas las canciones hablan de mí (2010),"{'Domestic': 290142, 'International': 290142}",tt1179927,"December 10, 2010 (Spain)",,,,
325,1 hr 42 min,Animation Biography Comedy Documentary,American: The Bill Hicks Story (2009),"{'Domestic': 92234, 'International': 92234}",tt1179947,"April 8, 2011 (Domestic)",Variance Films,5872.0,,
326,9 min,Animation Short,L'Ambouba (2010),{},tt11800086,,,,,
327,24 min,Adventure Animation Comedy Family Musical,Madeline's Christmas (1990),{},tt1180340,,,,,
328,1 hr 42 min,Action Drama History Horror Mystery,Black Death (2010),"{'Domestic': 22554, 'International': 360325, 'Worldwide': 382879}",tt1181791,"September 9, 2010 (Germany)",Magnolia Pictures,6692.0,R,
329,2 hr 4 min,Action Drama Thriller,Bunraku (2010),"{'Domestic': 129706, 'International': 129706}",tt1181795,"January 20, 2012 (Spain)",,,R,
330,1 hr 38 min,Comedy Drama Romance,You Will Meet a Tall Dark Stranger (2010),"{'Domestic': 3248246, 'International': 32767014, 'Worldwide': 36015260}",tt1182350,"August 27, 2010 (Spain)",Sony Pictures Classics,160103.0,R,22000000.0
331,1 hr 14 min,Horror Thriller,S.N.U.B! (2010),{},tt1182942,,,,,
332,1 hr 21 min,Action Comedy Horror Sci-Fi,Stag Night of the Dead (2010),{},tt1183489,,,,,
333,2 hr 1 min,Biography Comedy Crime Drama,Mr. Nice (2010),"{'Domestic': 1673840, 'International': 1673840}",tt1183911,"October 8, 2010 (United Kingdom)",,,,
334,1 hr 50 min,Drama,Welcome to the Rileys (2010),"{'Domestic': 158898, 'International': 203062, 'Worldwide': 361960}",tt1183923,"October 29, 2010 (Domestic)",The Samuel Goldwyn Company,42145.0,R,
335,2 hr 10 min,Biography Drama History Romance,Princess Kaiulani (2009),"{'Domestic': 883887, 'International': 883887}",tt1185344,"May 14, 2010 (Domestic)",Roadside Attractions,186995.0,PG,9000000.0
336,1 hr 31 min,Comedy Romance,When in Rome (2010),"{'Domestic': 32680633, 'International': 10372743, 'Worldwide': 43053376}",tt1185416,"January 29, 2010 (EMEA, Domestic)",Walt Disney Studios Motion Pictures,12350041.0,PG-13,
337,43 min,Documentary,Nature Tech (2003),{},tt1186698,,,,,
338,1 hr 30 min,Comedy,Man Overboard (2008),{},tt1186829,,,,,
339,1 hr 30 min,Drama Mystery Thriller,Peacock (2010),{},tt1188113,,,,PG-13,
340,1 hr 30 min,Action,Dogs of Chinatown (2010),{},tt1188482,,,,,
341,1 hr 26 min,Drama,Anaphylaxis (2010),{},tt1189021,,,,,
342,1 hr 27 min,Horror,Bio Slime (2010),{},tt1189374,,,,,
343,55 min,Documentary,Prisoner of Her Past (2010),{},tt1189386,,,,,
344,1 hr 44 min,Comedy Drama,Hello Darling (2010),{},tt1191118,,,,,
345,1 hr 31 min,Comedy,Punching the Clown (2009),{},tt1192624,,,,,
346,1 hr 32 min,Comedy,Group Sex (2010),{},tt1193096,,,,R,
347,1 hr 42 min,Adventure Comedy Drama,My Own Love Song (2010),"{'Domestic': 300849, 'International': 300849}",tt1193507,"April 7, 2010 (France)",,,PG-13,
348,1 hr 13 min,Documentary,Murder by Proxy: How America Went Postal (2010),{},tt1193626,,,,,
349,1 hr 47 min,Drama Music Romance,Step Up 3D (2010),"{'Domestic': 42400223, 'International': 116891586, 'Worldwide': 159291809}",tt1193631,"August 4, 2010 (Belgium)",Walt Disney Studios Motion Pictures,15812311.0,PG-13,30000000.0
350,1 hr 43 min,Drama Mystery,Get Low (2009),"{'Domestic': 9176933, 'International': 1345578, 'Worldwide': 10522511}",tt1194263,"July 30, 2010 (Domestic)",Sony Pictures Classics,88182.0,PG-13,7000000.0
351,1 hr 48 min,Biography Comedy Crime Drama,Casino Jack (2010),"{'Domestic': 1042959, 'International': 187974, 'Worldwide': 1230933}",tt1194417,"December 17, 2010 (Domestic)",ATO Pictures,34528.0,R,12500000.0
352,1 hr 23 min,Action Horror Sci-Fi,Denizen (2010),{},tt1194424,,,,,
353,1 hr 15 min,Documentary,Into Eternity (2010),"{'Domestic': 55366, 'International': 55366}",tt1194612,"February 2, 2011 (Domestic)",International Film Circuit,3530.0,,
354,1 hr 36 min,Comedy Crime,Crazy on the Outside (2010),"{'Domestic': 88335, 'International': 88335}",tt1196134,"January 8, 2010 (Domestic)",Freestyle Releasing,64438.0,PG-13,
355,1 hr 34 min,Comedy Drama Family,Diary of a Wimpy Kid (2010),"{'Domestic': 64003625, 'International': 12192913, 'Worldwide': 76196538}",tt1196141,"March 19, 2010 (Domestic)",Twentieth Century Fox,22126166.0,PG,15000000.0
356,1 hr 15 min,Comedy,Harmony and Me (2009),"{'Domestic': 20099, 'International': 20099}",tt1196165,"September 18, 2009 (Domestic)",,,,
357,1 hr 33 min,Action Crime Drama Thriller,Lure (2010),{},tt1196197,,,,,
358,1 hr 35 min,Comedy Drama,Cemetery Junction (2010),"{'Domestic': 2328877, 'International': 2328877}",tt1196204,"April 16, 2010 (United Kingdom)",,,R,
359,1 hr 44 min,Crime Drama Thriller,Pound of Flesh (2010),{},tt1196338,,,,,
360,1 hr 30 min,Comedy Drama Family,Princess Protection Program (2009),{},tt1196339,,,,,
361,1 hr 23 min,Drama Thriller,Inhale (2010),"{'Domestic': 4115, 'International': 75997, 'Worldwide': 80112}",tt1196340,"October 22, 2010 (Domestic, EMEA)",IFC Films,3030.0,R,
362,1 hr 34 min,Documentary,The Nature of Existence (2009),"{'Domestic': 54645, 'International': 54645}",tt1196672,"June 18, 2010 (Domestic)",Walking Shadows,2977.0,,
363,1 hr 14 min,Documentary Music,The Heart Is a Drum Machine (2009),{},tt1198130,,,,,
364,1 hr 33 min,Comedy Drama,Drop Dead Gorgeous (2010),{},tt1199453,,,,R,
365,1 hr 32 min,Comedy,The Lost Skeleton Returns Again (2008),{},tt1199494,,,,,
366,1 hr 31 min,Horror Thriller,Scorned (2010),{},tt1200271,,,,,
367,1 hr 40 min,Comedy,Chilango Chronicles (2009),{},tt1202520,,,,,
368,1 hr 37 min,Action Adventure,Target Practice (2008),{},tt1202538,,,,,
369,1 hr 28 min,Adventure Horror Thriller,The Graves (2009),{},tt1203517,,,,R,
370,,Comedy,Why Am I in a Box? (2010),{},tt1204984,,,,,
371,1 hr 37 min,Drama,Lucky Life (2010),{},tt1206314,,,,,
372,1 hr 12 min,Crime Drama Thriller,Person of Interest (2010),{},tt1208716,,,,,
373,1 hr 50 min,Drama,Autopilot (2010),{},tt1210029,,,,,
374,2 hr 8 min,Drama,Blood Done Sign My Name (2010),"{'Domestic': 109383, 'International': 109383}",tt1210039,"February 19, 2010 (Domestic)",Paladin,82739.0,PG-13,10000000.0
375,2 hr 12 min,Action Crime Drama Thriller,Brooklyn's Finest (2009),"{'Domestic': 27163593, 'International': 16864089, 'Worldwide': 44027682}",tt1210042,"June 10, 2009 (France)",Overture Films,13350299.0,R,17000000.0
376,1 hr 47 min,Comedy Crime Mystery,Snatched! (2010),{},tt1210047,,,,,
377,1 hr 44 min,Drama,Flying Lessons (2010),{},tt1210059,,,,R,
378,1 hr 33 min,Action Thriller,Command Performance (2009),{},tt1210801,,,,R,
379,2 hr 9 min,Drama Fantasy Romance,Hereafter (2010),"{'Domestic': 32746941, 'International': 74209389, 'Worldwide': 106956330}",tt1212419,"October 15, 2010 (Domestic)",Warner Bros.,220322.0,PG-13,50000000.0
380,1 hr 44 min,Comedy Drama,One Wish (2010),{},tt1212434,,,,,
381,1 hr 44 min,Comedy Romance,The Back-up Plan (2010),"{'Domestic': 37490007, 'International': 39987001, 'Worldwide': 77477008}",tt1212436,"April 23, 2010 (3 markets)",CBS Films,12201710.0,PG-13,35000000.0
382,1 hr 27 min,Action War,Shadows in Paradise (2010),{},tt1212442,,,,,
383,1 hr 36 min,Comedy Drama Family Romance,An Invisible Sign (2010),"{'Domestic': 1279, 'International': 49859, 'Worldwide': 51138}",tt1212454,"April 7, 2011 (Russia/CIS)",IFC Films,,PG-13,
384,1 hr 30 min,Adventure Animation Comedy Family Romance,Alpha and Omega (2010),"{'Domestic': 25107267, 'International': 25400000, 'Worldwide': 50507267}",tt1213012,"September 16, 2010 (APAC, EMEA)",Lions Gate Films,9106906.0,PG,
385,1 hr 43 min,Crime Drama,London Boulevard (2010),"{'Domestic': 16075, 'International': 8291152, 'Worldwide': 8307227}",tt1213648,"November 26, 2010 (United Kingdom)",IFC Films,3431.0,R,
386,1 hr 40 min,Comedy Romance,Leap Year (2010),"{'Domestic': 25918920, 'International': 6767580, 'Worldwide': 32686500}",tt1216492,"January 8, 2010 (Domestic)",Universal Pictures,9202815.0,PG,19000000.0
387,1 hr 16 min,Adventure Animation Family Fantasy,Tinker Bell and the Great Fairy Rescue (2010),"{'Domestic': 10872752, 'International': 10872752}",tt1216515,"July 23, 2010 (Poland)",,,,
388,1 hr 51 min,Drama Romance Sci-Fi,Womb (2010),"{'Domestic': 36257, 'International': 36257}",tt1216520,"August 11, 2011 (Singapore)",,,,
389,1 hr 32 min,Thriller,One in the Gun (2010),{},tt1217059,,,,,
390,1 hr 39 min,Drama Thriller,In/Significant Others (2009),"{'Domestic': 3763, 'International': 3763}",tt1217259,"May 14, 2010 (Domestic)",North Poplar Pictures,1408.0,,
391,17 min,Short,Red Lips: Cages for Black Girls (2010),{},tt12175976,,,,,
392,1 hr 37 min,Action Adventure Animation Drama Family Fantasy Mystery Thriller War,Legend of the Guardians: The Owls of Ga'Hoole (2010),"{'Domestic': 55675313, 'International': 84398077, 'Worldwide': 140073390}",tt1219342,"September 23, 2010 (APAC, EMEA)",Warner Bros.,16112211.0,PG,80000000.0
393,1 hr 25 min,Comedy Drama,Cupid's Arrow (2010),{},tt1220625,,,,,
394,1 hr 39 min,Comedy,Hard Breakers (2010),{},tt1220627,,,,R,
395,1 hr 36 min,Action Horror Sci-Fi,Resident Evil: Afterlife (2010),"{'Domestic': 60128566, 'International': 240099518, 'Worldwide': 300228084}",tt1220634,"September 9, 2010 (EMEA, APAC)",Screen Gems,26650264.0,R,60000000.0
396,1 hr 40 min,Comedy Drama,The Be All and End All (2009),"{'Domestic': 67698, 'International': 67698}",tt1220873,"December 3, 2010 (United Kingdom)",,,,
397,1 hr 48 min,Comedy Crime Drama Romance,Henry's Crime (2010),"{'Domestic': 102541, 'International': 2067258, 'Worldwide': 2169799}",tt1220888,"January 14, 2011 (United Kingdom)",Moving Pictures Film and Television,8726.0,R,
398,1 hr 41 min,Biography Drama,Frankie & Alice (2010),"{'Domestic': 706546, 'International': 706546}",tt1221208,"December 10, 2010 (Domestic)",Freestyle Releasing,7768.0,R,
399,1 hr 26 min,Action,Urgency (2011),{},tt1221867,,,,,
400,4 min,Comedy Horror,Woke Up Dead (2009),{},tt1222663,,,,,
401,1 hr 32 min,Drama,Beneath the Blue (2010),{},tt1222698,,,,PG,
402,1 hr 31 min,Comedy,Oy Vey! My Son Is Gay!! (2009),"{'Domestic': 89507, 'International': 89507}",tt1223082,"December 24, 2010 (Domestic)",Saint Juste International,4042.0,PG-13,
403,1 hr 45 min,Action Crime,The Big I Am (2010),{},tt1225302,,,,R,
404,1 hr 49 min,Comedy Music,Get Him to the Greek (2010),"{'Domestic': 60974475, 'International': 30745780, 'Worldwide': 91720255}",tt1226229,"June 3, 2010 (Russia/CIS)",Universal Pictures,17570955.0,R,40000000.0
405,1 hr 57 min,Action Adventure Drama Mystery Thriller,Edge of Darkness (2010),"{'Domestic': 43313890, 'International': 37812632, 'Worldwide': 81126522}",tt1226273,"January 28, 2010 (APAC, EMEA)",Warner Bros.,17214384.0,R,80000000.0
406,1 hr 12 min,Comedy Drama,Alphonso Bow (2010),{},tt1226737,,,,,
407,1 hr 53 min,Drama Thriller,The Debt (2010),"{'Domestic': 31177548, 'International': 14458820, 'Worldwide': 45636368}",tt1226753,"June 15, 2011 (France)",Focus Features,9909499.0,R,20000000.0
408,1 hr 37 min,Documentary,"Fat, Sick & Nearly Dead (2010)",{},tt1227378,,,,,
409,2 hr 4 min,Action Sci-Fi,Iron Man 2 (2010),"{'Domestic': 312433331, 'International': 311500000, 'Worldwide': 623933331}",tt1228705,"April 28, 2010 (EMEA)",Paramount Pictures,128122480.0,PG-13,200000000.0
410,,Documentary Family,In the Valley of the Wolves (2007),{},tt1228890,,,,,
411,1 hr 56 min,Drama Fantasy Horror Mystery Thriller,Let Me In (2010),"{'Domestic': 12134935, 'International': 14958657, 'Worldwide': 27093592}",tt1228987,"October 1, 2010 (Domestic)",Overture Films,5147479.0,R,20000000.0
412,1 hr 28 min,Adventure Animation Family,A Turtle's Tale: Sammy's Adventures (2010),"{'Domestic': 70627617, 'International': 70627617}",tt1230204,"August 4, 2010 (Belgium)",,,PG,
413,1 hr 32 min,Crime Drama Mystery Thriller,Endure (2010),{},tt1230372,,,,R,
414,1 hr 35 min,Comedy Drama,Due Date (2010),"{'Domestic': 100539043, 'International': 111241781, 'Worldwide': 211780824}",tt1231583,"November 3, 2010 (EMEA)",Warner Bros.,32689406.0,R,65000000.0
415,1 hr 39 min,Comedy Sci-Fi,Hot Tub Time Machine (2010),"{'Domestic': 50287556, 'International': 14492657, 'Worldwide': 64780213}",tt1231587,"March 26, 2010 (Domestic)",Metro-Goldwyn-Mayer (MGM),14020502.0,R,36000000.0
416,1 hr 22 min,Thriller,From the Inside (2010),{},tt1231594,,,,,
417,1 hr 17 min,Family,Nic & Tristan Go Mega Dega (2010),{},tt1232202,,,,,
418,1 hr 38 min,Comedy,Drones (2010),{},tt1232775,,,,R,
419,1 hr 35 min,Crime Drama Mystery Thriller,Triple Dog (2010),{},tt1232838,,,,R,
420,1 hr 20 min,Comedy,My Girlfriend's Back (2010),{},tt1233328,,,,PG-13,
421,,Documentary,New York Street Games (2010),{},tt1233332,,,,,
422,1 hr 30 min,Comedy Romance,El enigma Giacomo (2009),{},tt1233524,,,,,
423,1 hr 47 min,Comedy Drama Romance,Greenberg (2010),"{'Domestic': 4234170, 'International': 2109942, 'Worldwide': 6344112}",tt1234654,"March 19, 2010 (Domestic)",Focus Features,118152.0,R,
424,1 hr 38 min,Action Comedy Crime,Wild Target (2010),"{'Domestic': 108589, 'International': 3385565, 'Worldwide': 3494154}",tt1235189,"June 18, 2010 (United Kingdom)",Freestyle Releasing,23174.0,PG-13,8000000.0
425,1 hr 26 min,Comedy,Heterosexuals (2010),{},tt1235430,,,,,
426,1 hr 30 min,Horror,The Horror Vault 3 (2010),{},tt1235786,,,,,
427,1 hr 33 min,Comedy Drama,Operation Repo: The Movie (2009),{},tt1235844,,,,,
428,1 hr 56 min,Biography Documentary Music,Lemmy (2010),"{'Domestic': 131, 'International': 131}",tt1236472,"December 3, 2010 (United Kingdom)",,,,
429,1 hr 38 min,Action Thriller,Special Ops (2010),{},tt1237373,,,,R,
430,1 hr 20 min,Comedy Horror,Silent But Deadly (2011),{},tt1237961,,,,,
431,1 hr 22 min,Adventure Comedy Documentary Fantasy Musical,Journey of the Childmen: The Mighty Boosh on Tour (2009),{},tt1238305,,,,,
432,,Drama Family,The Assignment (2010),{},tt1239216,,,,,
433,1 hr 26 min,Thriller,Corruption (2010),{},tt1240539,,,,,
434,1 hr 38 min,Action Horror Sci-Fi Thriller,D4 (2011),{},tt1240540,,,,,
435,1 hr 29 min,Crime Documentary History,Youngstown: Still Standing (2010),{},tt1240548,,,,,
436,1 hr 30 min,Drama,Hidden Rage (2010),{},tt1240934,,,,,
437,1 hr 27 min,Action Adventure Drama Sci-Fi Thriller,Storm Seekers (2009),{},tt1240941,,,,,
438,1 hr 31 min,Comedy,How to Make Love to a Woman (2010),{},tt1241017,,,,R,
439,1 hr 14 min,Mystery Thriller,Twisted Path (2010),{},tt1241258,,,,,
440,1 hr 21 min,Documentary,Gerrymandering (2010),{},tt1241319,,,,,
441,1 hr 41 min,Drama Romance,The River Why (2010),{},tt1241329,,,,PG-13,
442,1 hr 27 min,Horror Thriller,Road Kill (2010),"{'Domestic': 5964, 'International': 5964}",tt1241330,"October 21, 2010 (Australia)",,,R,
443,1 hr 48 min,Horror Thriller,I Spit on Your Grave (2010),"{'Domestic': 93051, 'International': 1185599, 'Worldwide': 1278650}",tt1242432,"October 8, 2010 (Domestic)",Anchor Bay Films,32440.0,R,2000000.0
444,1 hr 31 min,Action Drama Thriller,Tour de Force (2010),{},tt1242787,,,,,
445,1 hr 43 min,Action Thriller,The Tourist (2010),"{'Domestic': 67631157, 'International': 211149284, 'Worldwide': 278780441}",tt1243957,"December 9, 2010 (South Korea)",Sony Pictures Entertainment (SPE),16472458.0,PG-13,100000000.0
446,1 hr 46 min,Drama,Extraordinary Measures (2010),"{'Domestic': 12068313, 'International': 3065980, 'Worldwide': 15134293}",tt1244659,"January 22, 2010 (Domestic)",CBS Films,6012594.0,PG,31000000.0
447,1 hr 47 min,Biography Crime Drama,Conviction (2010),"{'Domestic': 6783129, 'International': 4321426, 'Worldwide': 11104555}",tt1244754,"October 2, 2009 (Bulgaria)",,,R,12500000.0
448,1 hr 29 min,Drama,Fog (2010),{},tt1245094,,,,,
449,1 hr 51 min,Action Comedy Crime Thriller,RED (2010),"{'Domestic': 90380162, 'International': 108626225, 'Worldwide': 199006387}",tt1245526,"October 14, 2010 (APAC, EMEA)",Summit Entertainment,21761408.0,PG-13,58000000.0
450,1 hr 24 min,Sci-Fi,Triptosane (2010),{},tt1245766,,,,,
451,56 min,Documentary News,The Suicide Tourist (2007),{},tt1246599,,,,,
452,1 hr 30 min,Action Crime Drama Sci-Fi Thriller War,The Lazarus Papers (2010),{},tt1247400,,,,R,
453,1 hr 21 min,Drama,The Mountain Thief (2010),{},tt1247406,,,,,
454,1 hr 35 min,Drama Thriller,Bad Faith (2010),{},tt1247639,,,,,
455,1 hr 39 min,Comedy,High School (2010),"{'Domestic': 139034, 'International': 82556, 'Worldwide': 221590}",tt1247667,"June 1, 2012 (Domestic)",Anchor Bay Films,82832.0,R,
456,1 hr 30 min,Adventure Drama Family Fantasy,Magic Journey to Africa (2010),"{'Domestic': 1557590, 'International': 1557590}",tt1247681,"May 7, 2010 (Spain)",,,,
457,1 hr 39 min,Comedy Drama,Norman (2010),{},tt1247683,,,,R,
458,1 hr 36 min,Comedy,Dumping Lisa (2009),{},tt1248957,,,,,
459,1 hr 24 min,Drama,Fighting Fish (2010),{},tt1249170,,,,,
460,23 min,Drama Short,Amexica (2010),{},tt1249428,,,,,
461,1 hr 57 min,Action Comedy Crime,Kick-Ass (2010),"{'Domestic': 48071303, 'International': 48117600, 'Worldwide': 96188903}",tt1250777,"April 2, 2010 (United Kingdom)",Lions Gate Films,19828687.0,R,30000000.0
462,1 hr 23 min,Drama Thriller,The Nothing Men (2010),"{'Domestic': 4036, 'International': 4036}",tt1251360,"August 12, 2010 (Australia)",,,,
463,1 hr 25 min,Action Horror,Assault of the Sasquatch (2009),{},tt1251368,,,,,
464,1 hr 29 min,Adventure Family,Justin Time (2010),{},tt1251735,,,,,
465,54 min,Documentary,White Scripts and Black Supermen: Black Masculinities in Comic Books (2010),{},tt12517594,,,,,
466,1 hr 37 min,Comedy Family Music Musical Romance,Camp Rock 2: The Final Jam (2010),{},tt1252380,,,,,
467,1 hr 26 min,Horror Thriller,Angels Die Slowly (2010),{},tt1253837,,,,,
468,1 hr 20 min,Comedy Drama,Czukor Show (2010),{},tt1254724,,,,,
469,1 hr 29 min,Comedy,Rock Slyde (2009),{},tt1258154,,,,PG-13,
470,1 hr 22 min,Comedy Drama Music,SoulBoy (2010),{},tt1259227,"August 21, 2009 (United Kingdom)",,,,
471,1 hr 46 min,Documentary,To Fight For: The Year of Decision (2010),{},tt1260357,,,,,
472,1 hr 28 min,Action Thriller,Dolph Lundgren Is the Killing Machine (2010),"{'Domestic': 72643, 'International': 72643}",tt1261862,"October 28, 2010 (United Arab Emirates)",,,,
473,2 hr 26 min,Comedy Drama Romance,Sex and the City 2 (2010),"{'Domestic': 95347692, 'International': 195397363, 'Worldwide': 290745055}",tt1261945,"May 27, 2010 (9 markets)",Warner Bros.,31001870.0,R,100000000.0
474,1 hr 10 min,Biography Documentary History War,Burma Soldier (2010),{},tt1262405,,,,,
475,1 hr 37 min,Drama,Endings (2010),{},tt1262892,,,,,
476,1 hr 23 min,Thriller,Good Boy (2009),{},tt1262899,,,,,
477,1 hr 48 min,Comedy,Pickin' & Grinnin' (2010),"{'Domestic': 4000, 'International': 4000}",tt1262941,"September 7, 2012 (Domestic)",House Lights Media,3003.0,R,
478,1 hr 28 min,Documentary,A Small Act (2010),"{'Domestic': 1311, 'International': 1311}",tt1262958,"April 15, 2011 (United Kingdom)",,,,
479,1 hr 30 min,Comedy Sport,Screwball: The Ted Whitfield Story (2010),{},tt1262978,,,,,
480,1 hr 30 min,Biography Documentary History Music Sport,The Last Play at Shea (2010),{},tt1262986,,,,,
481,1 hr 20 min,Thriller,The Devil Within (2010),{},tt1263018,,,,,
482,1 hr 41 min,Crime Drama Mystery,The Trial (2010),"{'Domestic': 19753, 'International': 19753}",tt1264115,"September 10, 2010 (Domestic)",Mountain Top Releasing,8957.0,PG-13,
483,,Documentary Music,Act Your Age: The Kids of Widney High Story (2010),{},tt1265614,,,,,
484,1 hr 35 min,Action Adventure Drama Sci-Fi Thriller,Quantum Apocalypse (2010),{},tt1265621,,,,,
485,1 hr 30 min,Comedy,Breakdance Academy (2010),"{'Domestic': 28336, 'International': 28336}",tt1266615,"June 4, 2010 (Domestic)",Artigo/Ajemian,7591.0,,
486,1 hr 39 min,Documentary,Waste Land (2010),"{'Domestic': 187716, 'International': 103591, 'Worldwide': 291307}",tt1268204,"October 29, 2010 (Domestic)",Arthouse Films,9806.0,,
487,1 hr 23 min,Action Drama Thriller Western,The Last Rites of Ransom Pride (2010),{},tt1268970,,,,R,
488,1 hr 58 min,Comedy,The Prankster (2010),{},tt1268981,,,,,
489,1 hr 27 min,Action Comedy,Operation: Endgame (2010),{},tt1268987,,,,R,
490,48 min,,Tabula Smaragdina (2010),{},tt12690662,,,,,
491,6 min,Short,House Fuck (2010),{},tt12697088,,,,,
492,1 hr 30 min,Thriller,All Alone (2011),{},tt1270079,,,,,
493,1 hr 36 min,Drama,Sympathy for Delicious (2010),"{'Domestic': 13826, 'International': 13826}",tt1270277,"April 29, 2011 (Domestic)",Maya Entertainment,9448.0,R,
494,,Comedy Romance,Ditching Party (2010),{},tt1270283,,,,,
495,1 hr 45 min,Comedy,Ashley's Ashes (2010),{},tt1270288,,,,,
496,1 hr 28 min,Sci-Fi Thriller,Hunter Prey (2010),{},tt1270291,,,,,
497,1 hr 32 min,Crime Mystery Thriller,The Killing Jar (2010),"{'Domestic': 2339, 'International': 2339}",tt1270296,"August 5, 2010 (Romania)",,,R,
498,1 hr 39 min,Fantasy Horror Thriller,Don't Be Afraid of the Dark (2010),"{'Domestic': 24046682, 'International': 14222847, 'Worldwide': 38269529}",tt1270761,"August 25, 2011 (APAC, LATAM)",FilmDistrict,8525728.0,R,25000000.0
499,1 hr 36 min,Drama,Shoot the DJ (2010),{},tt1270786,,,,,
500,1 hr 22 min,Comedy,Starlight & Superfish (2010),{},tt1270791,,,,,
501,1 hr 25 min,Action Comedy Horror Thriller,Hatchet II (2010),"{'Domestic': 52604, 'International': 103586, 'Worldwide': 156190}",tt1270835,"October 1, 2010 (Domestic)",Vitagraph Films,52604.0,R,
502,1 hr 40 min,Drama Romance,The Waiting City (2009),"{'Domestic': 500641, 'International': 500641}",tt1270850,"July 15, 2010 (Australia)",,,R,
503,1 hr 34 min,Comedy Drama,Art House (2010),{},tt1273194,,,,,
504,,Horror Mystery Thriller,Heaven and Hell (2010),{},tt1273215,,,,,
505,1 hr 30 min,Drama,The Outside (2009),{},tt1273229,,,,R,
506,1 hr 21 min,Drama,Standing Firm (2010),{},tt1273236,,,,,
507,1 hr 34 min,Action Comedy Family,The Spy Next Door (2010),"{'Domestic': 24307086, 'International': 38267155, 'Worldwide': 62574241}",tt1273678,"October 16, 2009 (United Kingdom)",Lions Gate Films,9726056.0,PG,28000000.0
508,1 hr 24 min,Drama Horror Sci-Fi Thriller,The Last Seven (2011),{},tt1274273,,,,,
509,1 hr 42 min,Drama Music Romance,Listen to Your Heart (2010),"{'Domestic': 23148, 'International': 23148}",tt1274296,"May 4, 2011 (South Korea)",,,,
510,1 hr 50 min,Comedy Drama Fantasy Romance,The Tempest (2010),"{'Domestic': 277943, 'International': 127918, 'Worldwide': 405861}",tt1274300,"December 10, 2010 (Domestic)",Miramax,42436.0,PG-13,20000000.0
511,1 hr 25 min,Drama,Father (2010),"{'Domestic': 6392, 'International': 6392}",tt1274636,"November 12, 2010 (Spain)",,,,
512,1 hr 26 min,Comedy Romance,Breast Picture (2010),{},tt1274639,,,,,
513,1 hr 32 min,Mystery Thriller,The Rapture (2010),{},tt1274646,,,,,
514,56 min,Documentary,Who Killed Chea Vichea? (2011),{},tt1276121,,,,,
515,1 hr 24 min,Documentary,Holy Land Hardball (2009),{},tt1276961,,,,,
516,1 hr 33 min,Drama Family,Summer Eleven (2010),{},tt1276988,,,,PG,
517,1 hr 37 min,Documentary,Wake Up (2010),{},tt1276992,,,,,
518,1 hr 48 min,Comedy Romance,Flick's Chicks (2010),{},tt1277400,,,,,
519,1 hr 16 min,Horror Thriller,Deception (2010),{},tt1278330,,,,,
520,1 hr 38 min,Comedy Drama,Sneakers & Soul (2009),{},tt1279328,,,,,
521,1 hr 28 min,Comedy Crime Romance Thriller,Date Night (2010),"{'Domestic': 98711404, 'International': 53552476, 'Worldwide': 152263880}",tt1279935,"April 8, 2010 (13 markets)",Twentieth Century Fox,25207599.0,PG-13,55000000.0
522,1 hr 27 min,Documentary,Smash His Camera (2010),"{'Domestic': 3644, 'International': 3644}",tt1280015,"July 30, 2010 (Domestic)",Magnolia Pictures,2367.0,PG-13,
523,1 hr 35 min,Drama,Anton Chekhov's the Duel (2010),"{'Domestic': 103295, 'International': 103295}",tt1282041,"January 5, 2012 (New Zealand)",,,,
524,1 hr 30 min,Documentary Horror,His Name Was Jason: 30 Years of Friday the 13th (2009),{},tt1282052,,,,,
525,1 hr 30 min,Drama Sci-Fi,Cephalopod (2010),{},tt1282136,,,,,
526,1 hr 32 min,Comedy Drama Romance,Easy A (2010),"{'Domestic': 58401464, 'International': 16624863, 'Worldwide': 75026327}",tt1282140,"September 16, 2010 (LATAM, APAC)",Screen Gems,17734040.0,PG-13,8000000.0
527,1 hr 16 min,Comedy,A Numbers Game (2010),{},tt1283542,,,,,
528,1 hr 26 min,Action,Supreme Champion (2010),{},tt1283546,,,,R,
529,1 hr 45 min,Comedy Thriller,Burning Palms (2010),"{'Domestic': 3271, 'International': 3271}",tt1283887,"May 26, 2011 (Romania)",,,R,
530,1 hr 25 min,Action,One Long Day (2010),{},tt1283930,,,,,
531,1 hr 21 min,Comedy,The Symmetry of Love (2010),"{'Domestic': 2425, 'International': 2425}",tt1283959,"April 22, 2011 (Spain)",,,,
532,2 hr,Biography Drama,The Social Network (2010),"{'Domestic': 96962694, 'International': 127957681, 'Worldwide': 224920375}",tt1285016,"October 1, 2010 (Domestic)",Sony Pictures Entertainment (SPE),22445653.0,PG-13,40000000.0
533,1 hr 16 min,Horror Thriller,Dark Nature (2009),{},tt1285216,,,,,
534,1 hr 39 min,Horror,Ghosts Don't Exist (2010),{},tt1285219,,,,,
535,2 hr 25 min,Action Drama Sport,Lahore (2010),{},tt1285245,,,,,
536,1 hr 36 min,Comedy Drama,The Joneses (2009),"{'Domestic': 1475746, 'International': 5568089, 'Worldwide': 7043835}",tt1285309,"April 16, 2010 (Domestic)",Roadside Attractions,509689.0,R,10000000.0
537,1 hr 16 min,Documentary,Homeland (2011),{},tt12859734,,,,,
538,1 hr 48 min,Action Crime Drama Romance Thriller,Frenchy (2010),{},tt1286146,,,,,
539,1 hr 38 min,Action Drama Thriller,Gutter King (2010),{},tt1286746,,,,,
540,1 hr 38 min,Comedy Drama,Weakness (2010),{},tt1286753,,,,,
541,1 hr 22 min,Action Comedy Family Fantasy,Cats & Dogs: The Revenge of Kitty Galore (2010),"{'Domestic': 43585753, 'International': 68898011, 'Worldwide': 112483764}",tt1287468,"July 29, 2010 (APAC, EMEA)",Warner Bros.,12279363.0,PG,85000000.0
542,1 hr 18 min,Documentary,America Stripped (2010),{},tt1287879,,,,,
543,1 hr 30 min,Action Crime Horror Sci-Fi,Stagger (2009),{},tt1288506,,,,,
544,1 hr 40 min,Documentary Music,Angels in New York (2010),{},tt1288699,,,,,
545,1 hr 45 min,Crime Drama Thriller,N-Secure (2010),"{'Domestic': 2595644, 'International': 2595644}",tt1289419,"October 15, 2010 (Domestic)",Freestyle Releasing,1166406.0,R,1600000.0
546,,Drama,Arcadia Lost (2010),{},tt1290470,,,,,
547,1 hr 36 min,Comedy Drama Romance,Meet Monica Velour (2010),"{'Domestic': 33042, 'International': 33042}",tt1291549,"April 8, 2011 (Domestic)",Anchor Bay Films,7438.0,R,
548,1 hr 40 min,Crime Thriller,As Good as Dead (2010),"{'Domestic': 1981, 'International': 53637, 'Worldwide': 55618}",tt1294136,"October 8, 2010 (Domestic)",First Look International,1494.0,R,
549,1 hr 38 min,Action Comedy Crime,Dancing Ninja (2010),"{'Domestic': 48818, 'International': 48818}",tt1294141,"July 19, 2012 (United Arab Emirates)",,,,
550,1 hr 30 min,Drama,Upside (2010),{},tt1294162,,,,,
551,1 hr 35 min,Drama,Shit Year (2010),{},tt1294212,,,,,
552,1 hr 48 min,Drama Music Romance,The Last Song (2010),"{'Domestic': 62950384, 'International': 26186663, 'Worldwide': 89137047}",tt1294226,"March 31, 2010 (Domestic, EMEA)",Walt Disney Studios Motion Pictures,16007426.0,PG,20000000.0
553,1 hr 33 min,Drama Romance,Last Night (2010),"{'Domestic': 99000, 'International': 10943068, 'Worldwide': 11042068}",tt1294688,"November 5, 2010 (Italy)",Tribeca Film,29505.0,R,
554,1 hr 31 min,Drama,Embrión (2008),{},tt1295057,,,,,
555,1 hr 29 min,Drama,Anger Has a Secret (2010),{},tt1296171,,,,,
556,2 hr,Drama,Wild Ride (2010),{},tt1296464,,,,,
557,1 hr 25 min,Documentary,Sons of Perdition (2010),{},tt1296893,,,,R,
558,1 hr 35 min,Comedy Drama Romance,Waiting for Forever (2010),"{'Domestic': 25517, 'International': 25517}",tt1296898,"February 4, 2011 (Domestic)",Freestyle Releasing,8917.0,PG-13,5000000.0
559,1 hr 30 min,Drama,Christina (2010),"{'Domestic': 11000, 'International': 11000}",tt1297921,"December 3, 2010 (Domestic)",Indican Pictures,,,
560,1 hr 24 min,Documentary,In the Land of the Free... (2010),{},tt1297923,,,,,
561,1 hr 26 min,Comedy,Devolved (2010),{},tt1297925,,,,,
562,1 hr 48 min,Drama,Nonames (2010),{},tt1297938,,,,,
563,1 hr 27 min,Horror Thriller,The Presence (2010),{},tt1298594,,,,PG-13,
564,1 hr 25 min,Documentary,Beijing Punk (2010),{},tt1298640,,,,,
565,1 hr 54 min,Horror Thriller,Closed for the Season (2010),{},tt1298643,,,,,
566,1 hr 30 min,Horror Sci-Fi,Growth (2010),{},tt1300159,,,,,
567,1 hr 30 min,Sci-Fi Western,A Foundling (2010),{},tt1301309,,,,,
568,1 hr 33 min,Comedy Drama Romance,Every Day (2010),"{'Domestic': 46029, 'International': 46029}",tt1301990,"January 14, 2011 (Domestic)",Image Entertainment,9857.0,R,3000000.0
569,1 hr 21 min,Adventure Comedy Family,Yogi Bear (2010),"{'Domestic': 100246011, 'International': 103263363, 'Worldwide': 203509374}",tt1302067,"December 17, 2010 (Domestic)",Warner Bros.,16411322.0,PG,80000000.0
570,1 hr 34 min,Comedy,Forbidden Fruit (2010),{},tt1302175,,,,,
571,4 min,Drama Mystery Short,Roots (2010),{},tt13028174,,,,,
572,,Action Drama Thriller,The Ascent (2010),{},tt1303680,,,,,
573,1 hr 26 min,Horror Sci-Fi,Ghost from the Machine (2010),{},tt1303782,,,,PG-13,
574,1 hr 30 min,Documentary,Scrappers (2010),{},tt1303794,,,,,
575,1 hr 45 min,Musical,Standing Ovation (2010),"{'Domestic': 531806, 'International': 18612, 'Worldwide': 550418}",tt1303803,"July 16, 2010 (Domestic)",Rocky Mountain Pictures,343125.0,PG,
576,1 hr 22 min,Documentary,Whiz Kids (2009),"{'Domestic': 5386, 'International': 5386}",tt1303821,"June 4, 2010 (Domestic)",Shadow Distribution,1333.0,,
577,1 hr 32 min,Horror,The Devil's Gravestone (2010),{},tt1304615,,,,,
578,1 hr 33 min,Comedy Crime Drama,The Bill Collector (2010),{},tt1305008,,,,,
579,1 hr 28 min,Action Drama,Last Letters from Monte Rosa (2010),{},tt1305039,,,,,
580,1 hr 34 min,Drama Romance,Pelican Blood (2010),{},tt1305059,,,,,
581,55 min,Documentary,A Ripple of Hope (2008),{},tt1305067,,,,,
582,1 hr 43 min,Comedy Romance,Our Family Wedding (2010),"{'Domestic': 20255281, 'International': 1153747, 'Worldwide': 21409028}",tt1305583,"March 12, 2010 (Domestic)",Fox Searchlight,7629862.0,PG-13,
583,1 hr 34 min,Drama,Ghetto Physics (2010),"{'Domestic': 14034, 'International': 14034}",tt1305587,"October 8, 2010 (Domestic)",The Samuel Goldwyn Company,10087.0,R,
584,1 hr 22 min,Drama,Shocking Blue (2010),{},tt1307010,,,,,
585,1 hr 37 min,Drama,Ten Stories Tall (2010),{},tt1307071,,,,,
586,1 hr 38 min,Comedy Horror,All About Evil (2010),"{'Domestic': 7995, 'International': 7995}",tt1307858,"July 9, 2010 (Domestic)",Peaches Christ Productions,5070.0,,
587,1 hr 29 min,Comedy Drama,Turn the Beat Around (2010),{},tt1307897,,,,,
588,1 hr 21 min,Horror,Machete Joe (2010),{},tt1307972,,,,R,
589,1 hr 22 min,Comedy,Muzh moey vdovy (2010),"{'Domestic': 199218, 'International': 199218}",tt1307976,"April 1, 2010 (APAC, EMEA)",,,,
590,1 hr 25 min,Biography Documentary,Fake Orgasm (2010),"{'Domestic': 52386, 'International': 52386}",tt1308111,"December 3, 2010 (Spain)",,,,
591,1 hr 33 min,Comedy Romance,Father vs. Son (2010),{},tt1308112,,,,,
592,1 hr 23 min,Drama Music,The Taqwacores (2010),"{'Domestic': 11445, 'International': 1394, 'Worldwide': 12839}",tt1308165,"October 22, 2010 (Domestic)",Strand Releasing,3532.0,,
593,1 hr 25 min,Action,Wushu Warrior (2011),{},tt1308182,,,,PG-13,
594,1 hr 43 min,Thriller,Forbidden Attraction (2010),{},tt1308754,,,,,
595,1 hr 26 min,Drama Fantasy Romance,Lovelorn (2010),{},tt1309181,,,,,
596,1 hr 26 min,Comedy Romance,Eamon (2009),{},tt1309557,,,,,
597,1 hr 20 min,Drama,The Sparrow and the Tigress (2010),{},tt1310667,,,,,
598,1 hr 28 min,Drama Sci-Fi,The Scientist (2010),{},tt1311087,,,,,
599,1 hr 17 min,Thriller,Babnik (2010),{},tt1312228,,,,,
600,1 hr 53 min,Crime Drama Thriller,Animal Kingdom (2010),"{'Domestic': 1044039, 'International': 6165873, 'Worldwide': 7209912}",tt1313092,"June 3, 2010 (Australia)",Sony Pictures Classics,61968.0,R,
601,1 hr 30 min,Family,Horse Crazy 2: The Legend of Grizzly Mountain (2010),{},tt1313121,,,,,
602,1 hr 25 min,Comedy Drama Romance,Audrey the Trainwreck (2010),{},tt1314161,,,,,
603,53 min,Drama,Case 219 (2010),{},tt1314169,,,,,
604,1 hr 39 min,Comedy Drama Romance,Abroad (2010),{},tt1314235,,,,,
605,1 hr 20 min,Horror Mystery Thriller,Devil (2010),"{'Domestic': 33601190, 'International': 29094299, 'Worldwide': 62695489}",tt1314655,"September 16, 2010 (APAC, EMEA)",Universal Pictures,12289375.0,PG-13,
606,1 hr 2 min,Drama,How I Killed Mumblecore (2009),{},tt1315215,,,,,
607,1 hr 39 min,Comedy Drama,Cherry (2010),"{'Domestic': 11362, 'International': 26650, 'Worldwide': 38012}",tt1315350,"October 8, 2010 (Domestic)",Abramorama,2416.0,,
608,1 hr 37 min,Action Adventure Drama,The Potential Inside (2010),{},tt1315963,,,,,
609,1 hr 45 min,Horror Thriller,Birdemic: Shock and Terror (2010),{},tt1316037,,,,,
610,1 hr 31 min,Adventure Drama Mystery Thriller,Wrecked (2010),"{'Domestic': 8020, 'International': 221512, 'Worldwide': 229532}",tt1316622,"April 1, 2011 (Domestic)",IFC Films,2054.0,R,
611,1 hr 37 min,Drama Horror Thriller,Chatroom (2010),"{'Domestic': 683912, 'International': 683912}",tt1319704,"August 11, 2010 (France)",,,R,
612,1 hr 32 min,Drama Mystery Thriller,Deeper and Deeper (2010),{},tt1319707,,,,,
613,1 hr 42 min,Horror Romance Thriller,Exquisite Corpse (2010),{},tt1319712,,,,,
614,1 hr 40 min,Comedy Drama Fantasy Romance,It's a Wonderful Afterlife (2010),"{'Domestic': 1321438, 'International': 1321438}",tt1319716,"April 2, 2010 (United Kingdom)",UTV Motion Pictures,,PG-13,
615,1 hr 45 min,Comedy Drama Romance,A Little Help (2010),"{'Domestic': 96868, 'International': 96868}",tt1319722,"July 22, 2011 (Domestic)",Freestyle Releasing,44870.0,R,
616,1 hr 26 min,Action Comedy Crime Thriller,Smokin' Aces 2: Assassins' Ball (2010),{},tt1319743,,,,R,
617,1 hr 31 min,Comedy Crime History Thriller,Burke and Hare (2010),"{'Domestic': 4833, 'International': 4786766, 'Worldwide': 4791599}",tt1320239,"October 29, 2010 (United Kingdom)",IFC Films,947.0,R,
618,1 hr 27 min,Horror Mystery Thriller,The Last Exorcism (2010),"{'Domestic': 41034350, 'International': 28398177, 'Worldwide': 69432527}",tt1320244,"August 27, 2010 (Domestic)",Lions Gate Films,20366613.0,PG-13,1800000.0
619,1 hr 46 min,Crime Drama Romance,A Gangland Love Story (2010),{},tt1320250,,,,,
620,1 hr 43 min,Action Adventure Thriller,The Expendables (2010),"{'Domestic': 103068524, 'International': 171401870, 'Worldwide': 274470394}",tt1320253,"August 12, 2010 (EMEA, APAC)",Lions Gate Films,34825135.0,R,80000000.0
621,1 hr 30 min,Documentary Music,Rocksteady: The Roots of Reggae (2009),{},tt1320257,,,,,
622,1 hr 38 min,Drama,Grand Slammed (2010),{},tt1320260,,,,,
623,1 hr 25 min,Adventure Comedy Family Fantasy,Gulliver's Travels (2010),"{'Domestic': 42779261, 'International': 194603463, 'Worldwide': 237382724}",tt1320261,"December 22, 2010 (Spain)",Twentieth Century Fox,6307691.0,PG,112000000.0
624,,Documentary,John Henry: A Steel Driving Race Horse (2010),{},tt1320269,,,,,
625,1 hr 34 min,Adventure Drama Horror Thriller,The Reef (2010),"{'Domestic': 67753, 'International': 67753}",tt1320291,"March 17, 2011 (Australia)",,,R,
626,1 hr 30 min,Action Comedy Crime Drama Sci-Fi Thriller,Shank (2010),"{'Domestic': 713697, 'International': 713697}",tt1320296,"March 26, 2010 (United Kingdom)",,,,
627,1 hr 32 min,Horror Thriller,30 Days of Night: Dark Days (2010),{},tt1320304,,,,R,
628,1 hr 23 min,Comedy,GravyTrain (2010),{},tt1320334,,,,,
629,2 hr,Comedy,Night of Too Many Stars: An Overbooked Concert for Autism Education (2008),{},tt1320350,,,,,
630,1 hr 30 min,Documentary,The Kids Grow Up (2009),"{'Domestic': 12095, 'International': 12095}",tt1321332,"October 29, 2010 (Domestic)",Shadow Distribution,4497.0,,
631,1 hr 36 min,Crime Mystery Thriller,The Jack of Spades (2010),{},tt1321402,,,,,
632,1 hr 32 min,Comedy Drama,Death at a Funeral (2010),"{'Domestic': 42739347, 'International': 6311539, 'Worldwide': 49050886}",tt1321509,"April 16, 2010 (Domestic)",Screen Gems,16217540.0,R,21000000.0
633,5 hr 34 min,Biography Crime Drama Thriller,Carlos (2010),"{'Domestic': 145526, 'International': 913843, 'Worldwide': 1059369}",tt1321865,"October 15, 2010 (Domestic)",IFC Films,20006.0,,18000000.0
634,1 hr 32 min,Drama,The Dry Land (2010),"{'Domestic': 11777, 'International': 11777}",tt1322264,"July 30, 2010 (Domestic)",Freestyle Releasing,7351.0,R,
635,1 hr 28 min,Drama,Children of Invention (2009),"{'Domestic': 11183, 'International': 11183}",tt1322282,"March 12, 2010 (Domestic)",,4874.0,,
636,1 hr 38 min,Horror,Exorcismus (2010),"{'Domestic': 3239065, 'International': 3239065}",tt1322306,"December 29, 2010 (Spain)",,,,
637,1 hr 43 min,Comedy Romance,Going the Distance (2010),"{'Domestic': 17804299, 'International': 24254812, 'Worldwide': 42059111}",tt1322312,"September 2, 2010 (8 markets)",Warner Bros.,6884964.0,R,32000000.0
638,1 hr 25 min,Drama Thriller,SubHysteria (2010),"{'Domestic': 213015, 'International': 213015}",tt1322384,"May 14, 2010 (Venezuela)",,,,
639,1 hr 34 min,Comedy,The Triumph of Dingus McGraw: Village Idiot (2010),{},tt1323004,,,,,
640,1 hr 33 min,Adventure Thriller,Frozen (2010),"{'Domestic': 246176, 'International': 3597598, 'Worldwide': 3843774}",tt1323045,"February 5, 2010 (Domestic)",Anchor Bay Films,131395.0,R,
641,1 hr 30 min,Documentary,Daddy I Do (2010),{},tt1323593,,,,,
642,1 hr 35 min,Adventure Animation Comedy Crime Family Sci-Fi,Despicable Me (2010),"{'Domestic': 251557985, 'International': 291600000, 'Worldwide': 543157985}",tt1323594,"July 8, 2010 (APAC)",Universal Pictures,56397125.0,PG,69000000.0
643,1 hr 23 min,Comedy Documentary,Hey Watch This (2010),{},tt1323598,,,,R,
644,1 hr 22 min,Action Horror Thriller,The Terror Experiment (2010),{},tt1323917,,,,,
645,,Adventure Family,Jack's Family Adventure (2010),{},tt1324060,,,,,
646,2 hr 4 min,Action Adventure Drama Fantasy Romance Thriller,The Twilight Saga: Eclipse (2010),"{'Domestic': 300531751, 'International': 397978074, 'Worldwide': 698509825}",tt1325004,"June 30, 2010 (20 markets)",Summit Entertainment,64832191.0,PG-13,68000000.0
647,1 hr 30 min,Documentary,Journey from Zanskar (2010),{},tt1325702,,,,,
648,1 hr 37 min,Drama Romance,Five Star Day (2010),{},tt1325743,,,,,
649,1 hr 30 min,Drama Mystery Sci-Fi,Backlight (2010),{},tt1326238,,,,,
650,1 hr 33 min,Drama,The Opium Eater (2010),{},tt1326253,,,,R,
651,1 hr 27 min,Documentary,Saint Misbehavin': The Wavy Gravy Movie (2009),"{'Domestic': 29893, 'International': 29893}",tt1326259,"December 3, 2010 (Domestic)",Argot Pictures,10976.0,,
652,1 hr 3 min,Documentary,Mississippi Queen (2010),{},tt1326819,,,,,
653,58 min,Documentary,Our House (2010),{},tt1326835,,,,,
654,1 hr 31 min,Documentary,Taylor Camp (2010),{},tt1326871,,,,,
655,1 hr 24 min,Documentary,Transcending: The Wat Misaka Story (2010),{},tt1326884,,,,,
656,1 hr 25 min,Drama Horror,Roman's Bride (2010),{},tt1326960,,,,,
657,1 hr 26 min,Horror Mystery Thriller,The Reeds (2010),{},tt1327200,,,,R,
658,1 hr 30 min,Horror,Beg (2011),{},tt1327699,,,,,
659,1 hr 27 min,Crime Horror Mystery Thriller,Cyrus (2010),{},tt1327709,,,,,
660,1 hr 49 min,History,Lost River: Lincoln's Secret Weapon (2010),{},tt1327743,,,,,
661,1 hr 15 min,Drama,Willets Point (2009),{},tt1327814,,,,,
662,3 hr 20 min,Biography Drama History,Augustine: The Decline of the Roman Empire (2010),{},tt1327890,,,,,
663,1 hr 22 min,Documentary,I'm Dangerous with Love (2010),{},tt1327928,,,,,
664,45 min,Comedy Documentary,Laffapalooza! (2008),{},tt1328626,,,,,
665,1 hr 30 min,Action Adventure Mystery Romance Thriller,Death Calls (2010),{},tt1328873,,,,,
666,1 hr 45 min,Action Adventure Comedy Crime Drama,Bold Native (2010),{},tt1328908,,,,,
667,1 hr 38 min,Comedy,All American Orgy (2009),{},tt1328909,,,,R,
668,1 hr 22 min,Documentary,Burning in the Sun (2010),{},tt1329320,,,,,
669,1 hr 45 min,Horror Thriller,Carmilla Hyde (2010),{},tt1329323,,,,,
670,1 hr 30 min,Comedy,Girl Clock! (2010),{},tt1329354,,,,,
671,,History,Cruz Reynoso: Sowing the Seeds of Justice (2010),{},tt1330185,,,,,
672,1 hr 14 min,Biography Documentary,Don't You Forget About Me (2009),{},tt1331095,,,,R,
673,1 hr 27 min,Drama,Other Side of the Game (2010),{},tt1331112,,,,,
674,1 hr 31 min,Mystery Thriller,The Last Harbor (2010),{},tt1332106,,,,,
675,1 hr 20 min,Action Comedy,Shoot the Hero (2010),{},tt1332119,,,,R,
676,1 hr 18 min,Biography Documentary Music,Still Bill (2009),{},tt1333117,,,,,
677,1 hr 26 min,Documentary Music,When You're Strange (2009),"{'Domestic': 246078, 'International': 948104, 'Worldwide': 1194182}",tt1333667,"April 9, 2010 (Domestic)",Abramorama,66833.0,R,
678,1 hr 41 min,Documentary,GasHole (2010),{},tt1333998,,,,,
679,1 hr 43 min,Drama Romance Sci-Fi Thriller,Never Let Me Go (2010),"{'Domestic': 2434652, 'International': 7483441, 'Worldwide': 9918093}",tt1334260,"September 15, 2010 (Domestic)",Fox Searchlight,111734.0,R,15000000.0
680,1 hr 45 min,Crime,Hit Parade (2010),{},tt1334455,,,,,
681,1 hr 27 min,Thriller,Bad Company (2010),{},tt1334515,,,,,
682,1 hr 27 min,Comedy Romance Sport,Coach (2010),{},tt1334521,,,,PG-13,
683,1 hr 30 min,Drama,Farewell (2010),"{'Domestic': 415426, 'International': 415426}",tt1334532,"April 23, 2010 (Lithuania)",,,,
684,1 hr 33 min,Comedy Crime Thriller,The Perfect Host (2010),"{'Domestic': 48764, 'International': 404944, 'Worldwide': 453708}",tt1334553,"July 1, 2011 (Domestic)",Magnolia Pictures,7505.0,R,
685,1 hr 19 min,Documentary,The Disappearance of McKinley Nolan (2010),{},tt1335988,,,,,
686,1 hr 31 min,Comedy Drama Romance,Cyrus (2010),"{'Domestic': 7468936, 'International': 2464937, 'Worldwide': 9933873}",tt1336617,"June 18, 2010 (Domestic)",Fox Searchlight,181716.0,R,7000000.0
687,1 hr 48 min,Action Adventure Drama Family Fantasy,The Adventures of Chris Fable (2010),{},tt1336619,,,,,
688,1 hr 30 min,Comedy,Jucy (2010),{},tt1336999,,,,,
689,1 hr 39 min,Documentary,Skatopia: 88 Acres of Anarchy (2010),{},tt1337061,,,,,
690,1 hr 25 min,Drama,The Erotic Man (2010),{},tt1337103,,,,,
691,1 hr 26 min,Documentary,Neshoba (2008),"{'Domestic': 19245, 'International': 19245}",tt1337155,"August 13, 2010 (Domestic)",First Run,4645.0,,
692,1 hr 22 min,Drama Musical,Guy and Madeline on a Park Bench (2009),"{'Domestic': 35556, 'International': 35556}",tt1337193,"November 5, 2010 (Domestic)",Variance Films,3233.0,,
693,17 min,Drama Short,Miracle Fish (2009),{},tt1337354,,,,,
694,1 hr 42 min,Documentary,3 Billion and Counting (2010),{},tt1337435,,,,,
695,2 hr 40 min,Drama,Blood and Oil (2010),{},tt1337578,,,,,
696,1 hr 13 min,Documentary Family,Junk Dreams (2010),{},tt1337645,,,,,
697,1 hr 27 min,Horror Sci-Fi,The Prometheus Project (2010),{},tt1337686,,,,,
698,1 hr 29 min,Thriller,Shooting April (2010),{},tt1339203,,,,,
699,1 hr 22 min,Comedy Drama Family,Raspberry Magic (2010),{},tt1339488,,,,,
700,1 hr 18 min,Documentary,Malls R Us (2009),{},tt1339555,,,,,
701,1 hr 48 min,Documentary,Metaphysia 2012 (2010),{},tt1339558,,,,,
702,1 hr 19 min,Comedy Drama,Russian Snark (2010),{},tt1340119,,,,,
703,1 hr 33 min,Action Adventure Comedy Family Romance,The Prince & Me: The Elephant Adventure (2010),{},tt1340161,,,,PG,
704,1 hr 15 min,Documentary,DMT: The Spirit Molecule (2010),{},tt1340425,,,,,
705,1 hr 39 min,Comedy Romance,Regresa (2010),"{'Domestic': 1461942, 'International': 1461942}",tt1340791,"January 22, 2010 (Mexico)",,,,
706,1 hr 37 min,Comedy Crime Drama,Four Lions (2010),"{'Domestic': 304616, 'International': 5844740, 'Worldwide': 6149356}",tt1341167,"May 7, 2010 (United Kingdom)",Drafthouse Films,41512.0,R,
707,2 hr 1 min,Comedy Drama Romance,How Do You Know (2010),"{'Domestic': 30212620, 'International': 18456287, 'Worldwide': 48668907}",tt1341188,"December 17, 2010 (Domestic)",Sony Pictures Entertainment (SPE),7484696.0,PG-13,120000000.0
708,1 hr 29 min,Comedy Romance,Ceremony (2010),"{'Domestic': 22270, 'International': 25904, 'Worldwide': 48174}",tt1341341,"April 8, 2011 (Domestic)",Magnolia Pictures,6920.0,R,
709,1 hr 25 min,Horror,The Shrine (2010),"{'Domestic': 102344, 'International': 102344}",tt1341710,"April 22, 2021 (United Arab Emirates)",,,,
710,1 hr 30 min,Horror Thriller,Butterfly (2010),{},tt1342096,,,,,
711,1 hr 39 min,Drama,Polish Bar (2010),{},tt1342120,,,,,
712,2 hr,Comedy Drama,Queen of the Lot (2010),{},tt1342122,,,,R,
713,1 hr 38 min,Comedy,Speed-Dating (2010),"{'Domestic': 5240, 'International': 5240}",tt1343110,"June 4, 2010 (Domestic)",Rockstone Releasing,3394.0,R,
714,1 hr 23 min,Sci-Fi Thriller,Paradox (2010),{},tt1343740,,,,,
715,1 hr 23 min,Comedy,Angels Love Donuts (2010),{},tt1344699,,,,,
716,,Documentary,"Journey to Palomar, America's First Journey Into Space (2008)",{},tt1345482,,,,,
717,1 hr 39 min,Drama Sport,Play On (2010),{},tt1345506,,,,,
718,1 hr 34 min,Crime Horror Mystery Thriller,The Clinic (2010),{},tt1345772,,,,R,
719,1 hr 43 min,Documentary,Music Makes a City: A Louisville Orchestra Story (2010),{},tt1346690,,,,,
720,1 hr,Documentary,Dreaming Nicaragua (2010),{},tt1347328,,,,,
721,1 hr 32 min,Sci-Fi,Defcon 2012 (2010),{},tt1349646,,,,,
722,1 hr 16 min,Horror,Vampegeddon (2010),{},tt1349651,,,,,
723,1 hr 25 min,Documentary,Dumbstruck (2010),"{'Domestic': 15379, 'International': 15379}",tt1351133,"April 15, 2011 (Domestic)",Truly Indie,981.0,PG,
724,1 hr 21 min,Horror Thriller,Luster (2010),{},tt1351186,,,,R,
725,1 hr 20 min,Comedy,How to Be a SexStar (2010),{},tt1351235,,,,,
726,1 hr 29 min,Crime Horror Mystery Thriller,Psychosis (2010),{},tt1351784,,,,R,
727,1 hr 38 min,Drama,Lullaby for Pi (2010),{},tt1352380,,,,,
728,1 hr 31 min,Action Comedy Thriller,Nude Nuns with Big Guns (2010),{},tt1352388,,,,,
729,1 hr 36 min,Drama Mystery Thriller,Chloe (2009),"{'Domestic': 3075255, 'International': 10582394, 'Worldwide': 13657649}",tt1352824,"February 25, 2010 (South Korea)",Sony Pictures Classics,900688.0,R,14000000.0
730,1 hr 30 min,Drama,The Third Testament (2010),{},tt1355641,,,,,
731,4 min,Short,Prole Art Threat (2010),{},tt13557456,,,,,
732,1 hr 29 min,Drama Mystery Thriller,Knockdown (2011),{},tt1356392,,,,R,
733,1 hr 48 min,Comedy Drama Music,I'm Still Here (2010),"{'Domestic': 408983, 'International': 217413, 'Worldwide': 626396}",tt1356864,"September 10, 2010 (Domestic)",Magnolia Pictures,96658.0,R,
734,1 hr 35 min,Documentary Sport,Athlete (2010),{},tt1356996,,,,,
735,1 hr 17 min,Documentary,Voices in the Clouds (2010),{},tt1357079,,,,,
736,1 hr 39 min,Comedy,Scream of the Bikini (2009),{},tt1358254,,,,,
737,1 hr 46 min,Biography Crime Drama,The Chameleon (2010),"{'Domestic': 141816, 'International': 141816}",tt1359553,"June 23, 2010 (France)",,,R,
738,1 hr 35 min,Drama,Rust (2010),{},tt1360826,,,,PG,
739,1 hr 32 min,Comedy Drama,The Shouting Men (2010),{},tt1360829,,,,,
740,1 hr 48 min,Comedy,The Extra Man (2010),"{'Domestic': 453377, 'International': 196249, 'Worldwide': 649626}",tt1361313,"July 30, 2010 (Domestic)",Magnolia Pictures,18861.0,R,
741,1 hr 23 min,Biography Documentary Music,Ain't in It for My Health: A Film About Levon Helm (2010),"{'Domestic': 113966, 'International': 113966}",tt1362518,"April 19, 2013 (Domestic)",Kino Lorber,7937.0,,
742,1 hr 47 min,Drama,The Stranger in Us (2010),{},tt1363091,,,,,
743,1 hr 33 min,Sci-Fi Thriller,Zenith (2010),"{'Domestic': 7862, 'International': 7862}",tt1363468,"October 1, 2010 (Domestic)",Cinema Purgatorio,2347.0,,
744,2 hr,Drama,On Childhood (2010),{},tt1364479,,,,,
745,1 hr 32 min,Drama,Main Street (2010),"{'Domestic': 2560, 'International': 23451, 'Worldwide': 26011}",tt1365483,"May 19, 2011 (Australia)",Magnolia Pictures,1553.0,PG,
746,1 hr 52 min,Drama History,Miral (2010),"{'Domestic': 373420, 'International': 759423, 'Worldwide': 1132843}",tt1366409,"September 3, 2010 (Italy)",The Weinstein Company,66244.0,R,
747,17 min,Drama Sci-Fi Short,Pathos (2010),{},tt1367257,,,,,
748,1 hr 25 min,Documentary Sport,Time in the Minors (2010),{},tt1367454,,,,,
749,1 hr 41 min,Thriller,Daylight Fades (2010),{},tt1368860,,,,,
750,1 hr 29 min,Horror Mystery Thriller,The Ward (2010),"{'Domestic': 5343820, 'International': 5343820}",tt1369706,"March 10, 2011 (Malaysia)",,,R,
751,1 hr 29 min,Comedy,Costa Rican Summer (2010),{},tt1370426,,,,R,
752,1 hr 45 min,Comedy Drama,180º (2010),{},tt1370428,,,,,
753,1 hr 47 min,Comedy Horror,The Vampires of Bloody Island (2009),{},tt1370898,,,,,
754,1 hr 43 min,Crime Drama Thriller,Dear Mr. Gacy (2010),{},tt1371117,,,,R,
755,1 hr 40 min,Horror Thriller,Raven (2010),{},tt1371141,,,,,
756,1 hr 53 min,Comedy Drama History,Made in Dagenham (2010),"{'Domestic': 1095369, 'International': 11534102, 'Worldwide': 12629471}",tt1371155,"October 1, 2010 (United Kingdom)",Sony Pictures Classics,37563.0,R,
757,1 hr 51 min,Drama,The Kid (2010),"{'Domestic': 20354, 'International': 20354}",tt1371160,"August 27, 2010 (Norway)",,,,
758,1 hr 24 min,Documentary,Fixer: The Taking of Ajmal Naqshbandi (2009),{},tt1372256,,,,,
759,1 hr 23 min,Horror Thriller,The Awakening (2010),{},tt1373405,,,,,
760,1 hr 26 min,Comedy Drama Family,Snowmen (2010),"{'Domestic': 54805, 'International': 54805}",tt1373406,"October 21, 2011 (Domestic)",Cinedigm Entertainment Group,54333.0,PG,
761,1 hr,Drama,Holy Land (2010),{},tt1374995,,,,,
762,2 hr 28 min,Action Adventure Sci-Fi Thriller,Inception (2010),"{'Domestic': 292587330, 'International': 546443300, 'Worldwide': 839030630}",tt1375666,"July 15, 2010 (APAC, EMEA)",Warner Bros.,62785337.0,PG-13,160000000.0
763,1 hr 42 min,Comedy,Grown Ups (2010),"{'Domestic': 162001186, 'International': 109456115, 'Worldwide': 271457301}",tt1375670,"June 24, 2010 (EMEA, APAC)",Sony Pictures Entertainment (SPE),40506562.0,PG-13,80000000.0
764,1 hr 29 min,Action Comedy Drama Western,Gunless (2010),{},tt1376195,,,,,
765,1 hr 32 min,Action Crime Drama Thriller,Freight (2010),{},tt1376404,,,,,
766,1 hr 22 min,Comedy Crime Mystery,Imogène McCarthery (2010),"{'Domestic': 4151851, 'International': 4151851}",tt1376421,"May 5, 2010 (EMEA)",,,,
767,1 hr 29 min,Family Romance Sport,Den Brother (2010),{},tt1376699,,,,,
768,1 hr 47 min,Comedy,I Love You Too (2010),"{'Domestic': 1980411, 'International': 1980411}",tt1376709,"May 6, 2010 (Australia)",,,,
769,2 hr,Action War,When Soldiers Cry (2010),{},tt1378811,,,,,
770,1 hr 30 min,Comedy,Hot Tamales Live Kiki Melendez Presents (2010),{},tt1379223,,,,,
771,1 hr 25 min,Comedy,Peepers (2010),{},tt1379234,,,,,
772,1 hr 40 min,Horror Sci-Fi,Braincell (2010),{},tt1379714,,,,,
773,1 hr 16 min,Documentary,The Officer's Wife (2010),{},tt1380275,,,,,
774,1 hr 35 min,Comedy Western,Big Money Rustlas (2010),{},tt1380784,,,,R,
775,1 hr 17 min,Comedy Horror,Attack of the Vegan Zombies! (2010),{},tt1380852,,,,,
776,1 hr 17 min,Action Drama,Forged (2010),{},tt1380995,,,,,
777,1 hr 35 min,Comedy Horror,Baby Jane? (2010),{},tt1381402,,,,,
778,1 hr 26 min,Drama Romance Sport,Freestyle (2010),{},tt1381406,,,,PG-13,
779,1 hr 35 min,Comedy Crime,Pete Smalls Is Dead (2010),{},tt1381413,,,,,
780,1 hr 33 min,Comedy Drama,Father of Invention (2010),"{'Domestic': 97778, 'International': 97778}",tt1381505,"November 3, 2011 (Russia/CIS)",,,PG-13,
781,1 hr 36 min,Family,Flicka 2 (2010),{},tt1381767,,,,PG,
782,1 hr 59 min,Adventure Mystery,A Genesis Found (2010),{},tt1381773,,,,,
783,1 hr 25 min,Documentary,Phyllis and Harold (2008),{},tt1382323,"April 9, 2010 (Domestic)",Rainbow Films,,,
784,1 hr 12 min,Thriller,Justify (2010),{},tt1384591,,,,,
785,1 hr 12 min,Animation Sci-Fi,Godkiller: Walk Among Us (2010),{},tt1384961,,,,,
786,15 min,Short,The Happiness Salesman (2010),{},tt1385540,,,,,
787,1 hr 41 min,Comedy,The Runway (2010),"{'Domestic': 187089, 'International': 187089}",tt1385633,"June 10, 2011 (United Kingdom)",,,,
788,1 hr 47 min,Action Comedy Crime,Cop Out (2010),"{'Domestic': 44875481, 'International': 10735520, 'Worldwide': 55611001}",tt1385867,"February 26, 2010 (Domestic)",Warner Bros.,18211126.0,R,30000000.0
789,1 hr 47 min,Action Comedy Crime Thriller,The Other Guys (2010),"{'Domestic': 119219978, 'International': 51238944, 'Worldwide': 170458922}",tt1386588,"August 6, 2010 (Domestic)",Sony Pictures Entertainment (SPE),35543162.0,PG-13,100000000.0
790,1 hr 28 min,Comedy Family,Cool Dog (2010),{},tt1386604,,,,PG,
791,1 hr 45 min,Action Adventure Drama Horror Sci-Fi Thriller,The Dead (2010),"{'Domestic': 4891, 'International': 4891}",tt1386925,"September 30, 2011 (United Kingdom)",,,R,
792,22 min,Documentary Short,The Oak Park Story (2010),{},tt1387241,,,,,
793,52 min,Documentary,Disfarmer: A Portrait of America (2010),{},tt1388435,,,,,
794,1 hr 36 min,Action Crime Drama,Baseline (2010),{},tt1390397,,,,,
795,1 hr 27 min,Horror Mystery Thriller,Cut (2010),{},tt1390403,,,,,
796,1 hr 30 min,Comedy,The Deported (2009),{},tt1390404,,,,PG-13,
797,1 hr 25 min,Drama Romance,Bedrooms (2010),{},tt1390533,,,,,
798,1 hr 28 min,Crime Drama Thriller,The Penny (2010),{},tt1390540,,,,,
799,1 hr 25 min,Biography Drama,The Wronged Man (2010),{},tt1390543,,,,,
800,1 hr 37 min,Comedy Drama,Walkaway (2010),{},tt1390840,,,,,
801,1 hr 31 min,Drama Horror Mystery Thriller,And Soon the Darkness (2010),"{'Domestic': 177182, 'International': 177182}",tt1391034,"April 7, 2011 (Portugal)",,,R,
802,1 hr 22 min,Biography Documentary Fantasy,Marwencol (2010),"{'Domestic': 112036, 'International': 112036}",tt1391092,"October 8, 2010 (Domestic)",The Cinema Guild,3276.0,,
803,14 min,Drama Romance Short,Toto Forever (2010),{},tt1391130,,,,,
804,2 hr 1 min,Comedy Drama Romance,Why Did I Get Married Too? (2010),"{'Domestic': 60095852, 'International': 578120, 'Worldwide': 60673972}",tt1391137,"April 2, 2010 (Domestic)",Lions Gate Films,29289537.0,PG-13,20000000.0
805,1 hr 37 min,Action Horror Sci-Fi,The Dark Lurking (2009),{},tt1391579,,,,R,
806,1 hr 15 min,Drama,Whale (2010),{},tt1391745,,,,,
807,1 hr 39 min,Comedy Family,Marmaduke (2010),"{'Domestic': 33644788, 'International': 50117056, 'Worldwide': 83761844}",tt1392197,"May 27, 2010 (Argentina)",Twentieth Century Fox,11599661.0,PG,50000000.0
808,1 hr 26 min,Crime,Ex$pendable (2010),{},tt1392737,,,,,
809,23 min,Comedy Romance Short,Well Done (2010),{},tt1392999,,,,,
810,1 hr 55 min,Biography Drama Music,Sex & Drugs & Rock & Roll (2010),"{'Domestic': 1038699, 'International': 1038699}",tt1393020,"January 8, 2010 (United Kingdom)",,,,
811,1 hr 24 min,Adventure Family,Billy Owens and the Secret of the Runes (2010),{},tt1393737,,,,,
812,1 hr 29 min,Comedy Drama,Helena from the Wedding (2010),"{'Domestic': 4190, 'International': 4190}",tt1394211,"November 12, 2010 (Domestic)",Film Movement,2692.0,,
813,1 hr 31 min,Comedy Family,No Limit Kids: Much Ado About Middle School (2010),{},tt1394240,,,,,
814,1 hr 41 min,Adventure Drama Family,Free Willy: Escape from Pirate's Cove (2010),{},tt1394329,,,,PG,
815,1 hr 40 min,Documentary,Blood Into Wine (2010),{},tt1394383,,,,,
816,15 min,Short,Morning Echo (2010),{},tt1395214,,,,,
817,1 hr 22 min,Action Horror Sci-Fi,Project Purgatory (2010),{},tt1395783,,,,,
818,1 hr 38 min,Horror,Outcast (2010),"{'Domestic': 179, 'International': 179}",tt1396219,"December 10, 2010 (United Kingdom)",,,R,
819,1 hr 25 min,Drama Thriller,Locked In (2010),{},tt1398028,,,,R,
820,1 hr 38 min,Horror Thriller,YellowBrickRoad (2010),{},tt1398428,,,,R,
821,48 min,Crime Documentary,Monster: The Josef Fritzl Story (2010),{},tt1399053,,,,,
822,1 hr 50 min,Drama,Trailerpark (2010),{},tt1399102,,,,,
823,1 hr 24 min,Documentary,The Vinyl Frontier (2010),{},tt1399114,,,,,
824,1 hr 41 min,Horror,House of Black Wings (2010),{},tt1399565,,,,,
825,1 hr 33 min,Comedy Romance,Pièce montée (2010),"{'Domestic': 4090851, 'International': 4090851}",tt1399677,"March 10, 2010 (EMEA)",,,,
826,1 hr 40 min,Drama Mystery,Winter's Bone (2010),"{'Domestic': 6531503, 'International': 7265331, 'Worldwide': 13796834}",tt1399683,"June 11, 2010 (Domestic)",Roadside Attractions,84797.0,R,2000000.0
827,1 hr 30 min,Comedy Drama Family,First Dog (2010),{},tt1400335,,,,,
828,1 hr 21 min,Action Adventure Comedy Horror Thriller,Lost Boys: The Thirst (2010),{},tt1400526,,,,R,
829,1 hr 24 min,Action Adventure Animation Drama Fantasy Horror,Dante's Inferno: An Animated Epic (2010),{},tt1401113,,,,R,
830,1 hr 55 min,Documentary Music,Leaving Home: The Life and Music of Indian Ocean (2008),{},tt1401130,,,,,
831,14 min,Drama Romance Short,Mei Mei (2010),{},tt1401185,,,,,
832,1 hr 24 min,Comedy Crime Drama Romance,The Con Artist (2010),"{'Domestic': 2538, 'International': 2538}",tt1401607,"April 8, 2011 (Italy)",,,R,
833,1 hr 25 min,Action Horror Sci-Fi,Slime City Massacre (2010),{},tt1401631,,,,,
834,1 hr 46 min,Comedy Drama,Hesher (2010),"{'Domestic': 382946, 'International': 66756, 'Worldwide': 449702}",tt1403177,"May 13, 2011 (Domestic)",Wrekin Hill Entertainment,126046.0,R,7000000.0
835,1 hr 30 min,Documentary,The Invocation (2010),{},tt1403184,,,,,
836,1 hr 32 min,Fantasy Horror Thriller,Orgy of the Damned (2010),{},tt1403210,,,,,
837,1 hr 50 min,Drama Western,True Grit (2010),"{'Domestic': 171243005, 'International': 81033922, 'Worldwide': 252276927}",tt1403865,"December 22, 2010 (Domestic)",Paramount Pictures,24830443.0,PG-13,38000000.0
838,1 hr 53 min,Drama Romance,Remember Me (2010),"{'Domestic': 19068240, 'International': 36964649, 'Worldwide': 56032889}",tt1403981,"February 27, 2010 (Taiwan)",Summit Entertainment,8089139.0,PG-13,16000000.0
839,1 hr 25 min,Action Drama Horror Thriller,Rage (2010),{},tt1403987,,,,,
840,1 hr 35 min,Comedy Drama Romance,The Romantics (2010),"{'Domestic': 106524, 'International': 84495, 'Worldwide': 191019}",tt1403988,"September 10, 2010 (Domestic)",Four of a Kind Productions,45527.0,PG-13,
841,1 hr 33 min,Action Comedy Crime Thriller,The Bannen Way (2010),{},tt1404830,,,,,
842,2 hr 14 min,Drama,For Colored Girls (2010),"{'Domestic': 37729698, 'International': 252286, 'Worldwide': 37981984}",tt1405500,"November 5, 2010 (Domestic)",Lions Gate Films,19497324.0,R,21000000.0
843,1 hr 39 min,Comedy Drama Romance,Violet Tendencies (2010),"{'Domestic': 13304, 'International': 13304}",tt1407055,"November 5, 2010 (Domestic)",Embrem Entertainment,5264.0,,
844,1 hr 41 min,Comedy Romance Sport,Just Wright (2010),"{'Domestic': 21540363, 'International': 44061, 'Worldwide': 21584424}",tt1407061,"May 14, 2010 (Domestic)",Fox Searchlight,8284989.0,PG,
845,17 min,Comedy Short,Public Relations (2010),{},tt1407071,,,,,
846,1 hr 33 min,Action Drama Thriller,Twelve (2010),"{'Domestic': 183920, 'International': 2464275, 'Worldwide': 2648195}",tt1407084,"August 6, 2010 (Domestic)",Hannover House,110238.0,R,5000000.0
847,1 hr 25 min,Documentary Drama Sport,180° South (2010),"{'Domestic': 31745, 'International': 31745}",tt1407927,"May 21, 2010 (Domestic)",Magnolia Pictures,10269.0,,
848,1 hr 35 min,Documentary Sport,Boys of Summer (2010),{},tt1408355,,,,,
849,28 min,Action Adventure Animation Comedy Family History Short War,Jericho: The Promise Fulfilled (2009),{},tt1408379,,,,,
850,1 hr 23 min,Drama,Bloomington (2010),{},tt1409004,,,,,
851,50 min,Documentary,Greenlit (2010),{},tt1409015,,,,,
852,,Horror Short,Remission (2010),{},tt1409035,,,,,
853,,Drama Short,The Guardian (2010),{},tt1409693,,,,,
854,1 hr 39 min,Thriller,An Acrid Yarn (2010),{},tt1409734,,,,,
855,1 hr 15 min,Documentary,Mamachas del ring (2009),{},tt1410206,,,,,
856,1 hr 30 min,Drama Fantasy Romance,Beauty and the Beast (2010),{},tt1410295,,,,R,
857,1 hr 21 min,Action Horror Thriller,Night Wolf (2010),{},tt1411232,,,,R,
858,1 hr 17 min,Horror Thriller,Stalker (2010),{},tt1411236,,,,,
859,1 hr 35 min,Drama Romance Sport,Ice Castles (2010),{},tt1411276,,,,PG,
860,1 hr 31 min,Comedy,Pastor Shepherd (2010),{},tt1411762,,,,,
861,1 hr 13 min,Documentary,God Willing (2010),{},tt1412441,,,,,
862,1 hr 34 min,Comedy Drama Romance,Beware the Gonzo (2010),{},tt1412442,,,,,
863,1 hr 30 min,Comedy Horror,Eat Me! (2010),{},tt1412541,,,,,
864,1 hr 12 min,Horror,Biophage (2010),{},tt1412697,,,,,
865,1 hr 21 min,Documentary,American Mystic (2010),{},tt1414353,,,,,
866,1 hr 40 min,Family,Sophie & Sheba (2010),{},tt1414374,,,,PG,
867,1 hr 42 min,Action Adventure Drama Western,Tracker (2010),"{'Domestic': 54437, 'International': 54437}",tt1414378,"April 29, 2011 (United Kingdom)",,,R,
868,1 hr 45 min,Comedy Romance,You Again (2010),"{'Domestic': 25702053, 'International': 6352316, 'Worldwide': 32054369}",tt1414382,"September 23, 2010 (EMEA, APAC)",Walt Disney Studios Motion Pictures,8407513.0,PG,20000000.0
869,1 hr 22 min,Thriller,Godforsaken (2010),{},tt1414823,,,,,
870,14 min,Short,Herbert White (2010),{},tt1415263,,,,,
871,,Drama Mystery Thriller,Karma (2010),{},tt1415274,,,,,
872,1 hr 49 min,Comedy Family Fantasy War,Nanny McPhee Returns (2010),"{'Domestic': 29011215, 'International': 64239906, 'Worldwide': 93251121}",tt1415283,"March 25, 2010 (Netherlands)",Universal Pictures,8407685.0,PG,35000000.0
873,1 hr 25 min,Thriller,The Brazen Bull (2010),{},tt1415284,,,,R,
874,1 hr 30 min,Adventure,Rock Marí (2010),"{'Domestic': 315909, 'International': 315909}",tt1415894,"March 12, 2010 (Mexico)",,,,
875,1 hr 29 min,Action Comedy Horror,Texas Frightmare Massacre (2010),{},tt1416343,,,,,
876,1 hr 27 min,Drama,The Odd One Out (2010),"{'Domestic': 2666, 'International': 2666}",tt1417054,"September 15, 2010 (Belgium)",,,,
877,2 hr 2 min,Drama History War,Beneath Hill 60 (2010),"{'Domestic': 3440939, 'International': 3440939}",tt1418646,"April 15, 2010 (Australia)",,,R,
878,1 hr 50 min,Drama,Fairview St. (2010),{},tt1419006,,,,,
879,2 hr 58 min,Action Drama Fantasy Sci-Fi,Riverworld (2010),{},tt1419950,,,,,
880,1 hr 45 min,Drama Romance,Bloodworth (2010),"{'Domestic': 12971, 'International': 12971}",tt1421048,"May 20, 2011 (Domestic)",The Samuel Goldwyn Company,9612.0,R,
881,1 hr 37 min,Comedy Drama Romance,Somewhere (2010),"{'Domestic': 1785645, 'International': 13002997, 'Worldwide': 14788642}",tt1421051,"September 3, 2010 (Italy)",Focus Features,119086.0,R,7000000.0
882,1 hr 22 min,Comedy,Louis C.K.: Hilarious (2010),{},tt1421373,,,,,
883,1 hr 31 min,Crime Drama,Dog Pound (2010),"{'Domestic': 465725, 'International': 465725}",tt1422020,"June 23, 2010 (France)",,,,
884,1 hr 32 min,Drama,To Be Friends (2010),{},tt1422778,,,,,
885,1 hr 42 min,Mystery Thriller,Beneath the Dark (2010),{},tt1422800,,,,R,
886,1 hr 20 min,Documentary,Of Heart and Courage: Béjart Ballet Lausanne (2009),{},tt1423589,,,,,
887,1 hr 30 min,Drama,The Imperialists Are Still Alive! (2010),"{'Domestic': 5874, 'International': 5874}",tt1423593,"April 15, 2011 (Domestic)",IFC Films,2832.0,,
888,2 hr 14 min,Comedy Drama,Barney's Version (2010),"{'Domestic': 4439201, 'International': 7667720, 'Worldwide': 12106921}",tt1423894,"January 14, 2011 (EMEA, Domestic)",Sony Pictures Classics,65241.0,R,30000000.0
889,1 hr 45 min,Action Drama Mystery Thriller,Stone (2010),"{'Domestic': 1810078, 'International': 8490338, 'Worldwide': 10300416}",tt1423995,"October 7, 2010 (Greece)",Overture Films,75766.0,R,22000000.0
890,1 hr 45 min,Comedy Drama,The Infidel (2010),"{'Domestic': 2817080, 'International': 2817080}",tt1424003,"April 9, 2010 (United Kingdom)",,,,
891,1 hr 47 min,Action Adventure Fantasy Sci-Fi Thriller,Predators (2010),"{'Domestic': 52000688, 'International': 75232420, 'Worldwide': 127233108}",tt1424381,"July 7, 2010 (Indonesia)",Twentieth Century Fox,24760882.0,R,40000000.0
892,1 hr 46 min,Biography Documentary Sport,Senna (2010),"{'Domestic': 1612430, 'International': 8585231, 'Worldwide': 10197661}",tt1424432,"October 8, 2010 (Japan)",Producers Distribution Agency,73497.0,PG-13,
893,1 hr 34 min,Comedy Drama Fantasy,Skeletons (2010),{},tt1425933,,,,,
894,1 hr 44 min,Comedy Romance,BearCity (2010),"{'Domestic': 6000, 'International': 6000}",tt1426320,"October 22, 2010 (Domestic)",TLA Releasing,5980.0,,
895,1 hr 49 min,Action Drama Sport,Unrivaled (2010),{},tt1426325,,,,R,
896,1 hr 42 min,Biography Drama,Leonie (2010),"{'Domestic': 53692, 'International': 1403059, 'Worldwide': 1456751}",tt1426328,"November 20, 2010 (Japan)",,,PG-13,
897,,Comedy,Beer Pong Saved My Life (2010),{},tt1426355,,,,,
898,1 hr 27 min,Action Adventure,War Machine (2010),{},tt1426389,,,,,
899,4 min,Mystery Short,Sleep 1: Dream (2010),{},tt14264520,,,,,
900,4 min,Mystery Short,Sleep 2: Nightmare (2010),{},tt14264574,,,,,
901,2 min,Mystery Short,Sleep 3: REM (2010),{},tt14264620,,,,,
902,51 min,Biography Documentary History Sport,One Night in Vegas (2010),{},tt1427321,,,,,
903,1 hr 28 min,Adventure Comedy Drama,Africa United (2010),"{'Domestic': 1207592, 'International': 1207592}",tt1429313,"October 22, 2010 (United Kingdom)",,,,
904,1 hr 15 min,Crime Drama Thriller,Small Town Murder Songs (2010),"{'Domestic': 31133, 'International': 31133}",tt1429392,"June 3, 2011 (Domestic)",Monterey Media,2810.0,R,
905,2 hr 4 min,Comedy Drama,Rio Sex Comedy (2010),{},tt1429432,,,,,
906,1 hr 40 min,Romance,Centre Place (2010),{},tt1429445,,,,,
907,,Comedy Musical Romance,Madly in Love (2010),{},tt1429451,,,,,
908,1 hr 23 min,Comedy Drama Sci-Fi,"1,001 Ways to Enjoy the Missionary Position (2010)",{},tt1430064,,,,,
909,1 hr 34 min,Drama,What Would Jesus Do? (2010),{},tt1430131,,,,PG,
910,11 min,Short,Opal Essence (2010),{},tt14302064,,,,,
911,1 hr 32 min,Comedy Romance,Perfect Combination (2010),{},tt1431133,,,,R,
912,1 hr 18 min,Documentary,The Canal Street Madam (2010),{},tt1431160,,,,,
913,2 hr 9 min,Comedy Drama,Another Year (2010),"{'Domestic': 3205706, 'International': 16517060, 'Worldwide': 19722766}",tt1431181,"November 5, 2010 (United Kingdom)",Sony Pictures Classics,111869.0,PG-13,8000000.0
914,1 hr 28 min,Action Crime Thriller,Wrong Side of Town (2010),{},tt1431191,,,,R,
915,8 min,Short,PIIKSI/Huia (2021),{},tt14313558,,,,,
916,1 hr 22 min,Documentary,Soundtracker (2010),{},tt1432989,,,,,
917,1 hr 28 min,Documentary,Dancing Across Borders (2010),"{'Domestic': 66166, 'International': 66166}",tt1433099,"March 26, 2010 (Domestic)",First Run,5204.0,,
918,1 hr 38 min,Action Crime Drama Thriller,Faster (2010),"{'Domestic': 23240020, 'International': 12386938, 'Worldwide': 35626958}",tt1433108,"November 24, 2010 (Domestic)",CBS Films,8523153.0,R,24000000.0
919,,Horror Romance,Possum Walk (2010),{},tt1433330,,,,,
920,45 min,Documentary,Hubble (2010),"{'Domestic': 52522904, 'International': 22474034, 'Worldwide': 74996938}",tt1433813,"March 19, 2010 (Domestic)",Warner Bros.,413477.0,,
921,1 hr 52 min,Drama Horror Thriller,Mother's Day (2010),"{'Domestic': 863044, 'International': 863044}",tt1434435,"May 5, 2011 (Netherlands)",,,R,
922,1 hr 34 min,Thriller,The Hostage Game (2010),{},tt1434612,,,,,
923,1 hr 34 min,Action Drama Horror Mystery Thriller,Bloodbath in the House of Knives (2010),{},tt1434926,,,,,
924,1 hr 27 min,Drama,Sure Looks Good (2010),{},tt1434941,,,,,
925,1 hr 33 min,Thriller,Legacy (2010),{},tt1436034,,,,R,
926,58 min,Documentary,A Life Ascending (2010),{},tt1436036,,,,,
927,1 hr 30 min,Drama Family,Elle: A Modern Cinderella Tale (2010),{},tt1436372,,,,,
928,1 hr 33 min,Comedy Drama,Lovers of Hate (2010),{},tt1436560,,,,,
929,1 hr 35 min,Horror Sci-Fi Thriller,The 7th Dimension (2009),{},tt1436571,,,,,
930,,Drama,One Night in Emergency (2010),{},tt1437363,,,,,
931,2 hr,Crime Drama,Thanks Maa (2009),{},tt1437367,,,,,
932,1 hr 45 min,Biography Drama History,Oranges and Sunshine (2010),"{'Domestic': 143480, 'International': 4874173, 'Worldwide': 5017653}",tt1438216,"April 1, 2011 (United Kingdom)",Cohen Media Group,18600.0,R,
933,1 hr 33 min,Comedy,The Best and the Brightest (2010),{},tt1438251,,,,R,
934,1 hr 40 min,Drama Fantasy Romance,Charlie St. Cloud (2010),"{'Domestic': 31162545, 'International': 17028159, 'Worldwide': 48190704}",tt1438254,"July 30, 2010 (Domestic)",Universal Pictures,12381585.0,PG-13,44000000.0
935,1 hr 38 min,Drama,Europolis (2010),"{'Domestic': 2839, 'International': 2839}",tt1439226,"November 25, 2010 (Romania)",,,,
936,1 hr 27 min,Romance,Anyone You Want (2010),{},tt1439516,,,,,
937,1 hr 45 min,Action Crime Drama Thriller,The American (2010),"{'Domestic': 35606376, 'International': 32269905, 'Worldwide': 67876281}",tt1440728,"September 1, 2010 (APAC, Domestic)",Focus Features,13177790.0,R,20000000.0
938,1 hr 30 min,Drama,"Cheer Up, Sam (2010)",{},tt1440735,,,,,
939,1 hr 29 min,Comedy Drama,Round Ireland with a Fridge (2010),{},tt1440755,,,,,
940,1 hr 50 min,Drama Thriller War,Snow & Ashes (2010),{},tt1441084,,,,,
941,1 hr 22 min,Comedy Horror Mystery,Diagnosis: Death (2009),{},tt1441259,,,,R,
942,2 hr 3 min,Comedy Drama,The Way (2010),"{'Domestic': 4998213, 'International': 8917939, 'Worldwide': 13916152}",tt1441912,"October 17, 2008 (Spain)",,,,
943,1 hr 4 min,Comedy Documentary,Charlie Murphy: I Will Not Apologize (2010),{},tt1441941,,,,,
944,1 hr 43 min,Comedy Drama,West Is West (2010),"{'Domestic': 4552055, 'International': 4552055}",tt1441956,"February 25, 2011 (United Kingdom)",,,,
945,1 hr 13 min,Documentary,Chow Down (2010),{},tt1442029,,,,,
946,1 hr 50 min,Drama Sci-Fi Thriller,Depositarios (2010),{},tt1442569,,,,,
947,1 hr 30 min,Drama,R U There (2010),"{'Domestic': 821, 'International': 821}",tt1443518,"November 24, 2010 (Belgium)",,,,
948,1 hr 26 min,Thriller,Terror Trap (2010),{},tt1444252,,,,R,
949,10 min,Documentary Short,The Wolf Man: From Ancient Curse to Modern Myth (2010),{},tt14446242,,,,,
950,1 hr 43 min,Adventure Comedy Drama,Bass Ackwards (2010),{},tt1445202,,,,,
951,1 hr 28 min,Comedy,Love Shack (2010),{},tt1445675,,,,,
952,1 hr 30 min,Drama Family,Ways to Live Forever (2010),"{'Domestic': 164720, 'International': 164720}",tt1446208,"October 29, 2010 (Spain)",,,PG-13,
953,1 hr 28 min,Drama Western,American Bandits: Frank and Jesse James (2010),{},tt1446675,,,,PG,
954,1 hr 30 min,Drama,Desert Son (2010),{},tt1446682,,,,,
955,1 hr 38 min,Crime Drama Romance Thriller War,A Marine Story (2010),{},tt1447479,,,,,
956,1 hr 28 min,Drama,Bones (2010),{},tt1447480,,,,,
957,1 hr 24 min,Documentary,When the World Breaks (2010),{},tt1447483,,,,,
958,1 hr 39 min,Drama,Matching Jack (2010),"{'Domestic': 767910, 'International': 767910}",tt1447499,"August 19, 2010 (Australia)",,,,
959,1 hr 32 min,Drama,Matariki (2010),"{'Domestic': 13545, 'International': 13545}",tt1447504,"November 18, 2010 (New Zealand)",,,,
960,1 hr 38 min,Drama Music Romance,StreetDance 3D (2010),"{'Domestic': 9941976, 'International': 9941976}",tt1447972,"May 21, 2010 (United Kingdom)",,,PG-13,
961,1 hr 30 min,Biography Documentary,Road to Las Vegas (2010),{},tt1448613,,,,,
962,1 hr 28 min,Crime Drama Horror Thriller,Open House (2010),{},tt1448762,,,,R,
963,1 hr 25 min,Crime Thriller,Caught in the Crossfire (2010),"{'Domestic': 11850, 'International': 11850}",tt1449379,"January 10, 2013 (United Arab Emirates)",,,R,
964,1 hr 34 min,Adventure Sci-Fi,Destination: Outer Space (2010),{},tt1449385,,,,,
965,1 hr 14 min,Drama,The Colonel's Bride (2010),{},tt1449393,,,,,
966,1 hr 30 min,Thriller,The Confidant (2010),{},tt1449394,,,,,
967,1 hr 55 min,Drama Thriller,Unrequited (2010),{},tt1450140,,,,,
968,1 hr 26 min,Drama,Lou (2010),{},tt1451395,,,,,
969,1 hr 33 min,Drama,Sixgun (2010),{},tt1451698,,,,,
970,1 hr 19 min,Comedy,Just for the Record (2010),{},tt1452294,,,,,
971,1 hr 16 min,Documentary Music,Pink Floyd: Momentary Lapses - The True Story of Pink Floyd (2010),{},tt14525644,,,,,
972,1 hr 32 min,Horror Mystery Thriller,Vanishing on 7th Street (2010),"{'Domestic': 22729, 'International': 1648467, 'Worldwide': 1671196}",tt1452628,"February 16, 2011 (Philippines)",Magnolia Pictures,2898.0,R,
973,1 hr 36 min,Action Horror,Devil's Playground (2010),{},tt1453245,,,,,
974,1 hr 40 min,Crime Drama,Shadows & Lies (2010),{},tt1453403,,,,R,
975,1 hr 27 min,Action Adventure Comedy Horror Sci-Fi Thriller,Dinocroc vs. Supergator (2010),{},tt1453409,,,,,
976,18 min,Drama Short,Air (2009),{},tt1453944,,,,,
977,1 hr 23 min,Animation Comedy Horror Sci-Fi,CJ7: The Cartoon (2010),{},tt1453967,,,,,
978,1 hr 14 min,Horror,Followed Home (2010),{},tt1454099,,,,,
979,11 min,Short Thriller,Hector Corp. (2009),{},tt1455635,,,,,
980,1 hr 37 min,Action Crime Drama Thriller,Boy Wonder (2010),{},tt1456060,,,,R,
981,1 hr 49 min,Drama,As If I Am Not There (2010),"{'Domestic': 8347, 'International': 8347}",tt1456477,"March 4, 2011 (United Kingdom)",,,,
982,1 hr 27 min,Drama Romance,Release (2010),{},tt1456603,,,,,
983,1 hr 44 min,Action Adventure Drama Romance Sci-Fi Thriller War,"Tomorrow, When the War Began (2010)","{'Domestic': 4936, 'International': 16528659, 'Worldwide': 16533595}",tt1456941,"September 2, 2010 (APAC)",Freestyle Releasing,3172.0,R,
984,1 hr 18 min,Comedy Drama,Huge (2010),{},tt1457726,,,,,
985,1 hr 42 min,Comedy,The Kings of Mykonos (2010),"{'Domestic': 5696661, 'International': 5696661}",tt1457766,"May 20, 2010 (Australia)",,,,
986,2 hr 13 min,Action Crime Drama Romance Thriller,The Next Three Days (2010),"{'Domestic': 21148651, 'International': 46300000, 'Worldwide': 67448651}",tt1458175,"November 18, 2010 (APAC, EMEA)",Lions Gate Films,6542779.0,PG-13,30000000.0
987,9 min,Action Horror Mystery Short Thriller,Hunter's Moon (2010),{},tt1458462,,,,,
988,1 hr 32 min,Drama,Mother Fish (2009),{},tt1458936,,,,,
989,1 hr 33 min,Horror Thriller,Uninhabited (2010),{},tt1459013,,,,,
990,1 hr 22 min,Documentary,Picture Me (2009),"{'Domestic': 12008, 'International': 10361, 'Worldwide': 22369}",tt1459052,"September 17, 2010 (Domestic)",Strand Releasing,6718.0,,
991,1 hr 24 min,Fantasy,Journey to Promethea (2010),{},tt1460639,,,,PG-13,
992,1 hr 31 min,Crime Thriller,Pimp (2010),{},tt1460643,,,,,
993,1 hr 23 min,Comedy Drama,The Putt Putt Syndrome (2010),{},tt1460661,,,,,
994,1 hr,Documentary Drama,Change (2009),{},tt1460780,,,,,
995,1 hr 38 min,Crime Drama Thriller,Meskada (2010),{},tt1461249,"December 3, 2010 (Domestic)",Red Flag Releasing,,R,
996,1 hr 20 min,Horror,The Limb Collector (2009),{},tt1461289,,,,,
997,1 hr 9 min,Drama,What's Up Lovely (2010),{},tt1461302,,,,,
998,1 hr 30 min,Drama Thriller,Sedona's Rule (2010),{},tt1461405,,,,,
999,1 hr 11 min,Drama,William Never Married (2010),{},tt1461436,,,,,
1000,1 hr 16 min,Action Drama Thriller,Enemies Among Us (2010),{},tt1462044,,,,R,
1001,1 hr 42 min,Comedy,Leading Ladies (2010),{},tt1462053,,,,,
1002,1 hr 50 min,Drama,Letters to God (2010),"{'Domestic': 2848578, 'International': 420968, 'Worldwide': 3269546}",tt1462054,"April 9, 2010 (Domestic)",Vivendi Entertainment,1088873.0,PG,3000000.0
1003,1 hr 18 min,Drama,Two Gates of Sleep (2010),{},tt1462058,,,,,
1004,1 hr 20 min,Biography Documentary Drama,La belle visite (2010),{},tt1462553,,,,,
1005,14 min,Comedy Short,The Hardest Part (2010),{},tt1462643,,,,,
1006,7 min,Comedy Drama Short,The Queen (2010),{},tt1462697,,,,,
1007,1 hr 35 min,Drama Mystery Thriller,Buried (2010),"{'Domestic': 1044143, 'International': 18395621, 'Worldwide': 19439764}",tt1462758,"September 24, 2010 (Domestic)",Lions Gate Films,100268.0,R,
1008,1 hr 5 min,Documentary,Streets of Plenty (2010),{},tt1462897,,,,,
1009,1 hr 50 min,Drama,Crayfish (2009),{},tt1464567,,,,,
1010,1 hr 38 min,Drama Horror Sci-Fi,Stake Land (2010),"{'Domestic': 33245, 'International': 372135, 'Worldwide': 405380}",tt1464580,"April 22, 2011 (Domestic)",IFC Films,7258.0,R,
1011,1 hr 33 min,Drama Family Sci-Fi,You're So Cupid! (2010),{},tt1464606,,,,,
1012,23 min,Animation Fantasy Short,Entering the Mind Through the Mouth (2010),{},tt1464622,,,,,
1013,1 hr 20 min,Drama,Broken Dreams (2010),{},tt1464736,,,,,
1014,1 hr 31 min,Crime Drama Mystery Thriller,Die (2010),{},tt1465478,,,,,
1015,1 hr 27 min,Comedy Drama,Fathers & Sons (2010),{},tt1465481,,,,,
1016,1 hr 51 min,Drama,First Mission (2010),"{'Domestic': 291151, 'International': 291151}",tt1465482,"March 24, 2010 (Belgium)",,,,
1017,1 hr 37 min,Comedy Drama,The Wedding Party (2010),{},tt1465496,,,,,
1018,1 hr 44 min,Drama Thriller,Red White & Blue (2010),"{'Domestic': 177, 'International': 177}",tt1465505,"September 30, 2011 (United Kingdom)",,,,
1019,1 hr 25 min,Drama Romance War,Tangled Up in Blue (2009),{},tt1465509,,,,,
1020,1 hr 24 min,Action Drama,Caged Animal (2010),{},tt1465519,,,,R,
1021,1 hr 29 min,Comedy Horror,Tucker and Dale vs Evil (2010),"{'Domestic': 223838, 'International': 5001100, 'Worldwide': 5224938}",tt1465522,"December 9, 2010 (APAC, EMEA)",Magnolia Pictures,52843.0,R,
1022,1 hr 27 min,Documentary,William S. Burroughs: A Man Within (2010),"{'Domestic': 46380, 'International': 46380}",tt1466072,"November 17, 2010 (Domestic)",Oscilloscope,6510.0,,
1023,9 min,Sci-Fi Short Thriller,A Stitch in Time (2010),{},tt1466426,,,,,
1024,40 min,Documentary History News Short,Delicious Peace Grows in a Ugandan Coffee Bean (2010),{},tt1466459,,,,,
1025,1 hr 27 min,Biography Documentary,Planeat (2010),{},tt1467030,,,,,
1026,1 hr 25 min,Documentary,Rabbit Fever (2010),{},tt1467041,,,,,
1027,1 hr 37 min,Drama Romance,The Orgasm Diaries (2010),{},tt1468313,,,,,
1028,1 hr 36 min,Horror,Undocumented (2010),{},tt1468381,,,,,
1029,1 hr 18 min,Action Adventure Drama Horror Thriller,Bear (2010),{},tt1468703,,,,R,
1030,1 hr 25 min,Drama,The Aspern Papers (2010),{},tt1468741,,,,,
1031,,Horror Thriller,The Camera's Eye (2010),{},tt1468745,,,,,
1032,1 hr 17 min,Horror Thriller,Cherry Tree Lane (2010),{},tt1468829,,,,,
1033,1 hr 27 min,Biography Documentary History News,Beyond Gay: The Politics of Pride (2009),{},tt1469864,,,,,
1034,1 hr 30 min,Action Comedy,MacGruber (2010),"{'Domestic': 8525600, 'International': 797295, 'Worldwide': 9322895}",tt1470023,"May 21, 2010 (Domestic)",Universal Pictures,4043495.0,R,10000000.0
1035,1 hr 28 min,Drama Mystery Thriller,Abandoned (2010),{},tt1470171,,,,PG-13,
1036,1 hr 32 min,Adventure Family,Hanna's Gold (2010),{},tt1470172,,,,PG,
1037,12 min,Drama Fantasy Horror Short Thriller,The Elemental (2009),{},tt1470740,,,,,
1038,1 hr 34 min,Adventure Drama Romance Sci-Fi Thriller,Monsters (2010),"{'Domestic': 237301, 'International': 4823137, 'Worldwide': 5060438}",tt1470827,"September 30, 2010 (Russia/CIS)",Magnolia Pictures,20508.0,R,500000.0
1039,1 hr 34 min,Drama,Girlfriend (2010),{},tt1470859,,,,,
1040,1 hr 30 min,Drama Family,Rising Stars (2010),{},tt1470910,"October 22, 2010 (Domestic)",Screen Media Films,,PG,
1041,1 hr 28 min,Fantasy Horror,Dark Relic (2010),{},tt1471156,,,,,
1042,28 min,Comedy Short,Suckerpunch (2008),{},tt1471275,,,,,
1043,1 hr 28 min,Action Adventure Drama Sci-Fi Thriller,Frost Giant (2010),{},tt1471352,,,,,
1044,1 hr,Comedy,Larry the Cable Guy: Tailgate Party (2010),{},tt1471846,,,,,
1045,1 hr 25 min,Horror,The Violent Kind (2010),{},tt1472195,,,,R,
1046,1 hr 36 min,Comedy Documentary Drama,Teenager Hamlet (2010),{},tt1472537,,,,,
1047,1 hr 31 min,Horror,The Gruesome Death of Tommy Pistol (2010),{},tt1472590,,,,,
1048,1 hr 24 min,Romance,Colin Hearts Kay (2010),{},tt1473179,,,,,
1049,53 min,Documentary,Lafayette: The Lost Hero (2010),{},tt1473385,,,,,
1050,7 min,Drama Romance Sci-Fi Short,When It Will Be Silent (2009),{},tt1474250,,,,,
1051,6 min,Short,La femme invisible (2010),{},tt1474432,,,,,
1052,1 hr 34 min,Action Crime Drama,The Two Plates (2010),{},tt1474578,,,,,
1053,17 min,Comedy Sci-Fi Short,Schizofredric (2010),{},tt1474850,,,,,
1054,55 min,Action Adventure Comedy Fantasy Sci-Fi Thriller,Slimed (2010),{},tt1474859,,,,,
1055,1 hr 36 min,Comedy Drama Romance,Baby Mama's Club (2010),{},tt1475135,,,,R,
1056,1 hr 29 min,Comedy Crime Family,The Dogfather (2010),{},tt1475549,,,,PG,
1057,1 hr 30 min,Horror Mystery,Saw 3D (2010),"{'Domestic': 45710178, 'International': 90441502, 'Worldwide': 136151680}",tt1477076,"October 28, 2010 (9 markets)",Lions Gate Films,22530123.0,R,20000000.0
1058,1 hr 44 min,Comedy Horror Thriller,Bitter Feast (2010),{},tt1477835,,,,,
1059,13 min,Comedy Short,Hombres hablando (2010),{},tt1478393,,,,,
1060,14 min,Comedy Romance Short,In Fidelity (2010),{},tt1478402,,,,,
1061,1 hr 25 min,Documentary Music,Do It Again (2010),{},tt1478480,,,,,
1062,2 hr,Documentary,The Buddha (2010),{},tt1478841,,,,,
1063,1 hr 36 min,Drama Western,The Righteous and the Wicked (2010),{},tt1478856,,,,PG-13,
1064,1 hr 28 min,Documentary,Boobs: An American Obsession (2010),{},tt1479183,,,,,
1065,1 hr 25 min,Documentary Drama,Brownstones to Red Dirt (2010),{},tt1479190,,,,,
1066,1 hr 40 min,Action Adventure Crime Drama Mystery Thriller,Transparency (2010),{},tt1479398,,,,R,
1067,1 hr 44 min,Comedy Drama,Cooking with Stella (2009),{},tt1479676,,,,,
1068,52 min,Documentary,Cap20100 - L'importanza di fare rete (2021),{},tt14801734,,,,,
1069,1 hr 47 min,Drama,Illegal (2010),{},tt1480662,,,,R,
1070,1 hr 24 min,Action Adventure Biography Documentary Family,This Way of Life (2009),{},tt1480692,,,,,
1071,1 hr 40 min,Comedy Drama,Nothing Special (2010),{},tt1481573,,,,,
1072,2 hr 1 min,Comedy Crime Drama,Refuge (2010),{},tt1481574,,,,,
1073,2 hr 18 min,Drama,The Genesis Code (2010),{},tt1481576,,,,PG,
1074,1 hr 42 min,Family Musical,Church (2010),{},tt1482130,,,,PG,
1075,1 hr 28 min,Drama,The Mulberry Tree (2010),{},tt1482461,,,,R,
1076,1 hr 41 min,Drama Fantasy Sci-Fi,Jim (2010),"{'Domestic': 13000, 'International': 13000}",tt1482889,"October 8, 2010 (Domestic)",Area 23a,7809.0,,
1077,1 hr 37 min,Comedy Family,Expecting Mary (2010),{},tt1482932,,,,PG,
1078,1 hr 28 min,Action Comedy Drama Family Romance Sport,Wildfire: The Arabian Heart (2010),{},tt1482957,,,,,
1079,1 hr 26 min,Comedy Musical,Spork (2010),{},tt1483020,,,,,
1080,1 hr 21 min,Action Adventure Animation Drama Sci-Fi,Planet Hulk (2010),{},tt1483025,,,,,
1081,1 hr 35 min,Drama,Frontier Blues (2009),{},tt1483373,,,,,
1082,1 hr 40 min,Horror Thriller,Christopher Roth (2010),{},tt1484942,,,,,
1083,1 hr 26 min,Drama Horror Thriller,Death and Cremation (2010),{},tt1484954,,,,,
1084,1 hr 28 min,Comedy,Meeting Spencer (2011),{},tt1486186,,,,R,
1085,1 hr 47 min,Comedy Drama Romance,Tamara Drewe (2010),"{'Domestic': 560391, 'International': 11477582, 'Worldwide': 12037973}",tt1486190,"July 14, 2010 (France)",Sony Pictures Classics,18604.0,R,
1086,1 hr 48 min,Drama Romance,Summer Coda (2010),"{'Domestic': 77769, 'International': 77769}",tt1486196,"October 21, 2010 (Australia)",,,,
1087,1 hr 19 min,Crime Drama Horror Mystery Thriller,F (2010),{},tt1486670,,,,R,
1088,1 hr 23 min,Thriller,The Basement (2009),{},tt1486823,,,,,
1089,1 hr 30 min,Comedy Documentary Drama Family Romance,My Name Is Smith (2010),{},tt1487986,,,,,
1090,1 hr 17 min,Horror Sci-Fi Thriller,Pickman's Muse (2010),{},tt1488032,,,,,
1091,1 hr 18 min,Comedy Drama Horror,Trash Humpers (2009),{},tt1488163,,,,,
1092,1 hr 22 min,Comedy Drama,Incredibly Small (2010),{},tt1488570,,,,,
1093,1 hr 30 min,Sci-Fi,Stonehenge Apocalypse (2010),{},tt1488598,,,,PG-13,
1094,1 hr 20 min,Drama Sci-Fi Thriller,The Show Must Go On (2010),{},tt1488601,,,,,
1095,24 min,Animation Family,Olivia and Her Ducklings/Olivia Takes Ballet (2009),{},tt1488894,,,,,
1096,1 hr 33 min,Crime Drama,Down Terrace (2009),"{'Domestic': 9812, 'International': 9812}",tt1489167,"October 15, 2010 (Domestic)",Magnolia Pictures,3088.0,R,30000.0
1097,1 hr 42 min,Crime Documentary Drama,"Napoli, Napoli, Napoli (2009)",{},tt1489223,,,,,
1098,1 hr 30 min,Documentary Drama,1 a Minute (2010),{},tt1489877,,,,,
1099,13 min,Drama Family Fantasy Short,The Teacher (2010),{},tt1489990,,,,,
1100,59 min,Music,Elton John (2010),{},tt14901686,,,,,
1101,8 min,Drama Romance Short,Curious Thing (2010),{},tt1490622,,,,,
1102,45 min,Documentary Family,Dive! (2010),{},tt1490637,,,,,
1103,11 min,Comedy Short,Dyke Dollar (2009),{},tt1490645,,,,,
1104,1 hr 27 min,Horror,Insane (2010),{},tt1491603,,,,,
1105,1 hr 30 min,Crime Mystery,At Risk (2010),{},tt1492723,,,,,
1106,1 hr 35 min,Drama,Step Off (2011),{},tt1492728,,,,R,
1107,1 hr 48 min,Drama,Lifted (2010),{},tt1492959,,,,PG-13,
1108,1 hr,Documentary,"No Woman, No Cry (2010)",{},tt1493034,,,,,
1109,1 hr 18 min,Comedy Drama Family,St. Roz (2010),{},tt1493208,,,,,
1110,1 hr 18 min,Drama,The Fat Boy Chronicles (2010),{},tt1493243,,,,,
1111,1 hr 30 min,Action Crime Mystery Thriller,The Front (2010),{},tt1493246,,,,,
1112,1 hr 29 min,Documentary,My So-Called Enemy (2010),{},tt1493812,,,,,
1113,1 hr 55 min,Drama,Scorpio Men on Prozac (2010),{},tt1493825,,,,,
1114,1 hr 31 min,Thriller,Removal (2010),{},tt1493828,,,,R,
1115,1 hr 29 min,Drama,Songs of Love and Hate (2010),{},tt1493831,,,,,
1116,1 hr 23 min,Comedy Romance,Beauty & the Briefcase (2010),{},tt1493842,,,,,
1117,1 hr 10 min,Comedy,Tim Hawkins: Insanitized (2010),{},tt14938546,,,,,
1118,51 min,Biography Documentary History Sport,Marion Jones: Press Pause (2010),{},tt1493939,,,,,
1119,51 min,Biography Documentary History Sport,Silly Little Game (2010),{},tt1493940,,,,,
1120,51 min,Biography Documentary History Sport,Straight Outta L.A. (2010),{},tt1493941,,,,,
1121,30 min,Documentary History Short,A Necessary Ruin (2010),{},tt1494601,,,,,
1122,14 min,Comedy Romance Short,Everybody Is Having Sex... But Ryan (2009),{},tt1494703,,,,,
1123,1 hr 40 min,Drama Romance,The Tree (2010),"{'Domestic': 71158, 'International': 2378887, 'Worldwide': 2450045}",tt1496005,"August 11, 2010 (France)",Zeitgeist Films,4983.0,,
1124,1 hr 30 min,Action Adventure Drama Fantasy Horror Mystery Thriller,Naked Horror: The Movie (2010),{},tt1496407,,,,,
1125,1 hr 26 min,Comedy,Cup Cake (2010),{},tt1496473,,,,,
1126,16 min,Drama Short,Ronan's Escape (2010),{},tt1496856,,,,,
1127,1 hr 22 min,Horror,Spiderhole (2010),{},tt1496884,,,,,
1128,1 hr 29 min,Drama,I Am (2010),{},tt1497617,,,,,
1129,1 hr 36 min,Comedy Drama Mystery,Cold Weather (2010),"{'Domestic': 141358, 'International': 2698, 'Worldwide': 144056}",tt1497874,"February 4, 2011 (Domestic)",IFC Films,14513.0,,
1130,1 hr 40 min,Documentary,How Weed Won the West (2010),{},tt1498784,,,,,
1131,1 hr 22 min,Comedy,The 41-Year-Old Virgin Who Knocked Up Sarah Marshall and Felt Superbad About It (2010),{},tt1498870,,,,R,
1132,1 hr 32 min,Action Horror,Dead Cert (2010),{},tt1499220,,,,,
1133,1 hr 33 min,Action Adventure Comedy Horror Sci-Fi Thriller,Lake Placid 3 (2010),{},tt1499249,,,,R,
1134,3 min,Comedy Short Western,A Short Film (2010),{},tt1500106,,,,,
1135,1 hr 36 min,Action Adventure Crime Drama Romance,Courier (2010),{},tt1500160,,,,,
1136,7 min,Animation Drama Sci-Fi Short,Visit (2010),{},tt1500261,,,,,
1137,20 min,Drama Short Thriller,Worm (2010),{},tt1500273,,,,,
1138,1 hr 40 min,Action Crime Sci-Fi Thriller,Death Race 2 (2010),{},tt1500491,,,,R,
1139,1 hr 29 min,Comedy Drama Mystery,Friction (2010),{},tt1500519,,,,,
1140,1 hr 37 min,Biography Documentary Drama Music Musical,Open Your Mouth and Say... Mr. Chi Pig (2009),{},tt1500848,,,,,
1141,1 hr 33 min,Fantasy Mystery Romance Thriller,Dead Awake (2010),"{'Domestic': 318275, 'International': 318275}",tt1501652,"December 3, 2010 (Domestic)",New Films Cinema,,R,
1142,1 hr 8 min,Biography Documentary History Sport,Winning Time: Reggie Miller vs. The New York Knicks (2010),{},tt1501757,,,,,
1143,1 hr 28 min,Drama Family,Johnny (2010),{},tt1502422,,,,,
1144,1 hr 41 min,Biography Documentary History Sport,The Best That Never Was (2010),{},tt1502429,,,,,
1145,1 hr 36 min,Drama Romance,Monogamy (2010),"{'Domestic': 21527, 'International': 21527}",tt1502714,"March 11, 2011 (Domestic)",Oscilloscope,4476.0,,
1146,21 min,Comedy Horror Short,The Killer Bra (2010),{},tt1502939,,,,,
1147,1 hr 19 min,Comedy Horror,The Man Who Collected Food (2010),{},tt1502948,,,,,
1148,1 hr 31 min,Thriller,Stained (2010),{},tt1503780,,,,,
1149,1 hr 41 min,Drama,Leftovers (2010),{},tt1504267,,,,,
1150,1 hr 14 min,Documentary,The Parking Lot Movie (2010),{},tt1504300,,,,,
1151,2 hr 1 min,Crime Mystery Romance Thriller,Road to Nowhere (2010),"{'Domestic': 40294, 'International': 121325, 'Worldwide': 161619}",tt1504319,"June 10, 2011 (Domestic)",Monterey Media,2521.0,R,
1152,1 hr 58 min,Biography Drama History,The King's Speech (2010),"{'Domestic': 138797449, 'International': 345271412, 'Worldwide': 484068861}",tt1504320,"November 26, 2010 (Domestic)",The Weinstein Company,355450.0,R,15000000.0
1153,1 hr 35 min,Drama Sport,Breaking the Press (2010),{},tt1504354,,,,PG,
1154,1 hr 30 min,Action Adventure Comedy Horror Sci-Fi Thriller,Mongolian Death Worm (2010),{},tt1504443,,,,,
1155,1 hr 23 min,Fantasy Horror Sci-Fi Thriller War,Puppet Master: Axis of Evil (2010),{},tt1504467,,,,,
1156,1 hr 14 min,Biography Documentary Drama History,Chekhov for Children (2010),{},tt1505044,,,,,
1157,1 hr,Comedy,SlantEd Comedy (2009),{},tt1505143,,,,,
1158,1 hr 35 min,Documentary,Made in India (2010),{},tt1505349,,,,,
1159,39 min,Biography Comedy Documentary Drama Family History Short Sport,Mary & Bill (2010),{},tt1505354,,,,,
1160,38 min,Biography Documentary Short War,Poster Girl (2010),{},tt1505384,,,,,
1161,1 hr 30 min,Adventure Fantasy,Witchville (2010),{},tt1506458,,,,,
1162,1 hr 25 min,Animation Documentary News,2012: Time for Change (2010),"{'Domestic': 68339, 'International': 68339}",tt1506940,"April 9, 2010 (Domestic)",Mangusta Productions,9009.0,,
1163,1 hr 21 min,Drama,All Good Children (2010),"{'Domestic': 6483, 'International': 6483}",tt1507250,"December 24, 2010 (United Kingdom)",,,,
1164,1 hr 30 min,Drama Romance,Friends and Lovers (2010),{},tt1507917,,,,,
1165,1 hr 8 min,Biography Documentary History News War,American Jihadist (2010),{},tt1508011,,,,,
1166,1 hr 24 min,Adventure Documentary Music,Don't Quit Your Daydream (2010),{},tt1508041,,,,,
1167,1 hr 34 min,Animation,Dixie Dynamite (2009),{},tt1508662,,,,,
1168,1 hr 34 min,Drama Music,Hopeful Notes (2010),{},tt1508669,,,,,
1169,1 hr 14 min,Horror Thriller,Basement (2010),{},tt1509109,,,,,
1170,1 hr 25 min,Horror Sci-Fi,Virus X (2010),{},tt1509125,,,,R,
1171,1 hr 54 min,Biography Drama Music,Janie Jones (2010),"{'Domestic': 6840, 'International': 6840}",tt1509130,"October 28, 2011 (Domestic)",Tribeca Film,,,
1172,1 hr 26 min,Drama,"Look, Stranger (2010)",{},tt1509137,,,,,
1173,57 min,Documentary,I Sold My Soul to Satan (2010),{},tt1509241,,,,,
1174,1 hr 34 min,Biography Documentary,The Wildest Dream (2010),"{'Domestic': 898137, 'International': 898137}",tt1509276,"August 6, 2010 (Domestic)",National Geographic Entertainment,67848.0,PG,
1175,1 hr 58 min,Drama,When the Lights Go Out (2010),{},tt1509283,,,,,
1176,15 min,Comedy Drama Short,The Crush (2010),{},tt1509756,,,,,
1177,51 min,Biography Documentary History Sport,Guru of Go (2010),{},tt1509847,,,,,
1178,51 min,Biography Documentary History Sport,Jordan Rides the Bus (2010),{},tt1509848,,,,,
1179,1 hr 20 min,Biography Documentary History Sport,No Crossover: The Trial of Allen Iverson (2010),{},tt1509850,,,,,
1180,54 min,Biography Documentary History Sport,The House of Steinbrenner (2010),{},tt1509852,,,,,
1181,1 hr 32 min,Documentary History,The Last Survivor (2010),{},tt1510872,,,,,
1182,1 hr 34 min,Drama,After the Waterfall (2010),"{'Domestic': 47856, 'International': 47856}",tt1510905,"November 4, 2010 (New Zealand)",,,,
1183,1 hr 37 min,Documentary,Behind the Burly Q (2010),"{'Domestic': 23889, 'International': 23889}",tt1510907,"April 23, 2010 (Domestic)",First Run,3958.0,,
1184,1 hr 16 min,Thriller,Happily After (2010),{},tt1510916,,,,,
1185,3 hr 59 min,Documentary Horror,Never Sleep Again: The Elm Street Legacy (2010),{},tt1510985,,,,,
1186,1 hr 37 min,Drama,The Sentimental Engine Slayer (2010),{},tt1511489,,,,,
1187,10 min,Drama Short,306 (2010),{},tt1512093,,,,,
1188,1 hr 28 min,Documentary Drama,Letters from the Desert (Eulogy to Slowness) (2010),{},tt1512206,,,,,
1189,1 hr 36 min,Action Comedy Crime,Super (2010),"{'Domestic': 327716, 'International': 94902, 'Worldwide': 422618}",tt1512235,"April 1, 2011 (Domestic)",IFC Films,46549.0,R,2500000.0
1190,15 min,Comedy Drama Mystery Short,The Secret Friend (2010),{},tt1512245,,,,,
1191,1 hr 28 min,Comedy,My Bloody Wedding (2010),{},tt1512274,,,,,
1192,1 hr 32 min,Fantasy Horror,Goblin (2010),{},tt1512310,,,,,
1193,1 hr 25 min,Documentary,Avenida Brasília Formosa (2010),{},tt1512720,,,,,
1194,1 hr 47 min,Comedy Drama,Maria's Gravy Pot (2010),{},tt1513180,,,,,
1195,1 hr 20 min,Horror Sci-Fi,Nightbeasts (2010),{},tt1513835,,,,,
1196,,Crime Drama Thriller,Suspicious Minds (2010),{},tt1513925,,,,,
1197,1 hr 57 min,Crime Thriller,4.3.2.1. (2010),"{'Domestic': 1477582, 'International': 1477582}",tt1514041,"June 4, 2010 (United Kingdom)",,,,
1198,1 hr 22 min,Documentary,On Coal River (2010),{},tt1514049,,,,,
1199,11 min,Drama Family Short,Three Thousand Six Hundred and Fifty Days (2010),{},tt1514078,,,,,
1200,1 hr 31 min,Horror,Mothman (2010),{},tt1514425,,,,,
1201,18 min,Comedy Short,Waiting for Gorgo (2009),{},tt1514449,,,,,
1202,1 hr 20 min,Documentary Family,Family Affair (2010),{},tt1515059,,,,,
1203,8 min,Comedy Short,Frank DanCoolo: Paranormal Drug Dealer (2010),{},tt1515062,,,,,
1204,1 hr 35 min,Comedy,"Sex, Drugs, and Stu (2009)",{},tt1515067,,,,,
1205,1 hr 31 min,Drama,Sus (2010),{},tt1515207,,,,,
1206,1 hr 21 min,Documentary Drama News,The Lottery (2010),"{'Domestic': 54543, 'International': 54543}",tt1515935,"June 11, 2010 (Domestic)",Variance Films,16435.0,,
1207,1 hr 33 min,Comedy Drama,A Beginner's Guide to Endings (2010),{},tt1516002,,,,R,
1208,1 hr 34 min,Drama History Romance,Alleged (2010),{},tt1516009,,,,,
1209,1 hr 43 min,Drama,Normal Types (2010),{},tt1516110,,,,,
1210,,Documentary,23 Seconds (2010),{},tt1516511,,,,,
1211,1 hr 40 min,Biography Documentary Music,The Greatest Ears in Town: The Arif Mardin Story (2010),{},tt1516586,,,,,
1212,1 hr 25 min,Drama,Vespa (2010),{},tt1516598,,,,,
1213,14 min,Drama Short,A Parachute Falling in Siberia (2010),{},tt1517568,,,,,
1214,1 hr 40 min,Adventure Documentary Drama History News Thriller,Adrift: People of a Lesser God (2010),{},tt1517579,,,,,
1215,1 hr 27 min,Documentary History War,Atomic Mom (2010),{},tt1517606,,,,,
1216,9 min,Action Comedy Crime Family Short,Banana Bread (2009),{},tt1517617,,,,,
1217,20 min,Biography Documentary Short,Ebony Goddess: Queen of Ilê Aiyê (2010),{},tt1517689,,,,,
1218,1 hr 27 min,Drama Thriller,Strangers Lovers Killers (2010),{},tt1517835,,,,,
1219,15 min,Comedy Drama Family Music Short,My Invisible Friend (2010),{},tt1518212,,,,,
1220,1 hr 15 min,Biography Documentary,Professor (2010),{},tt1518251,,,,,
1221,1 hr 30 min,Biography Comedy Documentary Romance,Sundance Skippy (2010),{},tt1518293,,,,,
1222,1 hr 40 min,Documentary,Life 2.0 (2010),{},tt1518809,,,,,
1223,1 hr 30 min,Drama,Sins of the Mother (2010),{},tt1518859,,,,,
1224,1 hr 22 min,Action Adventure Drama Sci-Fi Thriller,Turbulent Skies (2010),{},tt1518861,,,,,
1225,1 hr 26 min,Action Thriller,The Blood Bond (2011),"{'Domestic': 1483, 'International': 1483}",tt1520399,"January 27, 2011 (Hong Kong)",,,,
1226,12 min,Comedy Drama Horror Romance Sci-Fi Short,Tub (2010),{},tt1520451,,,,,
1227,18 min,Crime Short,Sunday Punch (2010),{},tt1520495,,,,,
1228,12 min,Drama Romance Short,One Thousand Cranes (2010),{},tt1520828,,,,,
1229,1 hr 20 min,Drama Thriller,Fell (2010),{},tt1520870,,,,,
1230,1 hr 41 min,Comedy Drama Romance,Gabi on the Roof in July (2010),{},tt1520888,,,,,
1231,9 min,Comedy Short,Gay Baby (2010),{},tt1520890,,,,,
1232,1 hr 20 min,Mystery Thriller,Iron Doors (2010),"{'Domestic': 38457, 'International': 38457}",tt1520956,"March 10, 2011 (Germany)",,,,
1233,25 min,Comedy Romance Short,Let's Get Laid! (2010),{},tt1521011,,,,,
1234,1 hr 28 min,Drama,The Wolf Knife (2010),{},tt1521080,,,,,
1235,1 hr 7 min,Sci-Fi,Sacrifice (2010),{},tt1521236,,,,,
1236,1 hr 25 min,Action Comedy Drama Horror Thriller,Broken Springs (2010),{},tt1521709,,,,,
1237,1 hr 42 min,Documentary,Deep Green (2010),{},tt1521752,,,,,
1238,1 hr,Biography Documentary,Dirty Martini and the New Burlesque (2010),{},tt1521761,,,,,
1239,15 min,Drama Romance Short,Megafauna (2010),{},tt1522163,,,,,
1240,1 hr 43 min,Drama,Obselidia (2010),{},tt1522218,,,,,
1241,11 min,Comedy Drama Short,Ollie Klublershturf vs. the Nazis (2010),{},tt1522220,,,,,
1242,1 hr 4 min,Biography Documentary,Opelo za Bobija Fisera (2010),{},tt1522230,,,,,
1243,1 hr 25 min,Biography Documentary,Raging Boll (2010),{},tt1522259,,,,,
1244,1 hr 15 min,Comedy Documentary Music,"Roll Out, Cowboy (2010)",{},tt1522267,,,,,
1245,8 min,Adventure Family Short,Sidewalk Symphony (2010),{},tt1522286,,,,,
1246,57 min,Biography Documentary History,Citizen Architect: Samuel Mockbee and the Spirit of the Rural Studio (2010),{},tt1522295,,,,,
1247,1 hr 23 min,Documentary,Songs from the Nickel (2010),{},tt1522302,,,,,
1248,1 hr 21 min,Drama,Win/Win (2010),{},tt1522334,,,,R,
1249,1 hr 35 min,Comedy Crime Drama Romance Thriller,Trim (2010),{},tt1522415,,,,,
1250,1 hr 30 min,Comedy,Kofta (2010),{},tt1522749,,,,,
1251,1 hr 29 min,Mystery Sci-Fi,Sherlock Holmes (2010),{},tt1522835,,,,PG-13,
1252,1 hr 30 min,Documentary,The Oath (2010),"{'Domestic': 42273, 'International': 42273}",tt1522857,"May 7, 2010 (Domestic)",Zeitgeist Films,5760.0,,
1253,13 min,Drama News Short Thriller,Goodbye Shanghai (2010),{},tt1523289,,,,,
1254,1 hr 29 min,Action Adventure Fantasy Horror Sci-Fi Thriller,Mandrake (2010),{},tt1523367,,,,,
1255,1 hr 26 min,Comedy Horror Mystery Romance Sci-Fi Thriller,Kaboom (2010),"{'Domestic': 118919, 'International': 516243, 'Worldwide': 635162}",tt1523483,"October 6, 2010 (France)",IFC Films,13714.0,,
1256,1 hr 28 min,Horror Thriller,Kill Katie Malone (2010),{},tt1523485,,,,R,
1257,,Documentary,"William Krisel, Architect (2010)",{},tt1523581,,,,,
1258,1 hr 51 min,Biography Documentary,Bhutto (2010),"{'Domestic': 100202, 'International': 100202}",tt1524095,"December 3, 2010 (Domestic)",First Run,8275.0,,
1259,27 min,Adventure Documentary Short,Big River (2010),{},tt1524098,,,,,
1260,1 hr 34 min,Drama,Butterfly Rising (2011),{},tt1524105,,,,,
1261,1 hr 40 min,Comedy Sport,Knucklehead (2010),"{'Domestic': 7927, 'International': 7927}",tt1524131,"October 29, 2010 (South Africa)",,,PG-13,
1262,1 hr 24 min,Comedy Drama Music Thriller,All My Friends Are Funeral Singers (2010),{},tt1524148,,,,,
1263,47 min,Documentary,"Face au vent, partition buissonnière (2010)",{},tt1525351,,,,,
1264,1 hr 2 min,Documentary History,Full Signal (2010),{},tt1525362,,,,,
1265,34 min,Biography Documentary Short War,Wings of Silver: The Vi Cowden Story (2010),{},tt1525477,,,,,
1266,13 min,Adventure Music Short,Africa Light: Gray Zone (2009),{},tt1525788,,,,,
1267,35 min,Comedy Drama Short,Lychee Thieves (2010),{},tt1525865,,,,,
1268,1 hr 22 min,Comedy Romance,New Low (2010),{},tt1526610,,,,,
1269,20 min,Comedy Drama Short,New Media (2010),{},tt1526611,,,,,
1270,1 hr 44 min,Comedy Drama Romance,Perfect 10 (2010),{},tt1526625,,,,,
1271,1 hr 20 min,Drama,Nomads (2010),{},tt1527178,,,,,
1272,15 min,Comedy Drama Family Short,Hens and Chicks (2010),{},tt1527629,,,,,
1273,50 min,Documentary,Jambo Jumbo (2010),{},tt1527641,,,,,
1274,23 min,Comedy Drama Short,Miss This at Your Peril (2010),{},tt1527675,,,,,
1275,1 hr 18 min,Documentary Drama,Puppet (2010),{},tt1527710,,,,,
1276,1 hr 16 min,Documentary Music,Riot Acts: Flaunting Gender Deviance in Music Performance (2010),{},tt1527721,,,,,
1277,1 hr 31 min,Biography Comedy Crime Documentary Drama Music,Total Badass (2010),{},tt1527790,,,,,
1278,1 hr 48 min,Drama Romance,Fit (2010),{},tt1527818,,,,,
1279,1 hr 33 min,Action Adventure Comedy Drama,Last Kung Fu Monk (2010),{},tt1527823,,,,R,
1280,1 hr 20 min,Drama,Leap (2010),{},tt1528081,,,,,
1281,1 hr 27 min,Biography Drama,Pregnancy Pact (2010),{},tt1528227,,,,,
1282,1 hr 38 min,Action Crime Thriller,Born to Raise Hell (2010),{},tt1528718,,,,R,
1283,1 hr 20 min,Documentary,Food Matters (2008),{},tt1528734,,,,,
1284,1 hr 17 min,Action Comedy,Norwegian Ninja (2010),"{'Domestic': 354282, 'International': 354282}",tt1528769,"August 13, 2010 (Norway)",,,,
1285,1 hr 30 min,Drama,Spies and Lies (2010),{},tt1528796,,,,,
1286,1 hr 25 min,Comedy Documentary Drama Romance,The Adults in the Room (2010),{},tt1528801,,,,,
1287,1 hr 23 min,Action Comedy Thriller,The Devil's 6 Commandments (2010),{},tt1528806,,,,,
1288,1 hr 32 min,Drama Sci-Fi,The Penitent Man (2010),{},tt1528813,,,,,
1289,1 hr 37 min,Drama Romance,Brownian Movement (2010),"{'Domestic': 16942, 'International': 16942}",tt1529240,"July 6, 2012 (Brazil)",,,,
1290,1 hr 20 min,Documentary,Something's Gonna Live (2009),{},tt1529331,,,,,
1291,1 hr 33 min,Drama,Almost Kings (2010),{},tt1529346,,,,,
1292,1 hr 29 min,Action Documentary,Toxic Soup (2010),{},tt1529347,,,,,
1293,41 min,Documentary History Short,Sea Rex 3D: Journey to a Prehistoric World (2010),"{'Domestic': 6096582, 'International': 9907568, 'Worldwide': 16004150}",tt1529567,"May 28, 2010 (Domestic)",3D Entertainment,,,5000000.0
1294,1 hr 46 min,Crime Drama Mystery Thriller,Trust (2010),"{'Domestic': 120016, 'International': 475786, 'Worldwide': 595802}",tt1529572,"April 1, 2011 (Domestic)",Millennium Entertainment,58214.0,R,4000000.0
1295,1 hr 20 min,Documentary,Dreams in Copenhagen (2009),{},tt1530661,,,,,
1296,1 hr 22 min,Comedy Romance,No Heart Feelings (2010),{},tt1530923,,,,,
1297,1 hr 30 min,Documentary Sport,Pelada (2010),{},tt1530953,,,,,
1298,9 min,Comedy Fantasy Horror Short,Pincushion (2010),{},tt1530958,,,,,
1299,1 hr 25 min,Drama,Putty Hill (2010),"{'Domestic': 49918, 'International': 8667, 'Worldwide': 58585}",tt1530975,"February 18, 2011 (Domestic)",The Cinema Guild,4868.0,,
1300,1 hr 35 min,Drama Thriller Western,Red Hill (2010),"{'Domestic': 21087, 'International': 303337, 'Worldwide': 324424}",tt1530983,"November 5, 2010 (Domestic)",Strand Releasing,8650.0,R,
1301,1 hr 22 min,Adventure Documentary Sport,Ride the Divide (2010),{},tt1530991,,,,,
1302,26 min,Drama Short,Rites of Love and Math (2010),{},tt1530994,,,,,
1303,1 hr 30 min,Action Comedy Drama Music Romance Sport,Rocksteady (2010),{},tt1530996,,,,R,
1304,15 min,Drama Short Thriller,Swerve (2010),{},tt1531043,,,,,
1305,1 hr 33 min,Biography Documentary,Beyond This Place (2010),{},tt1531631,,,,,
1306,25 min,Documentary Music Short,Born Sweet (2010),{},tt1531634,,,,,
1307,1 hr 50 min,Biography Documentary Fantasy Horror Sci-Fi,Charles Beaumont: The Short Life of Twilight Zone's Magic Man (2010),{},tt1531642,,,,,
1308,12 min,Drama Romance Short,The Kiss (2010),{},tt1531929,,,,,
1309,1 hr,Drama Romance,Tiger (2009),{},tt1532577,,,,,
1310,1 hr 13 min,Documentary Sport,Ballhawks (2010),{},tt1532903,,,,,
1311,1 hr 30 min,Documentary Music,Echotone (2010),{},tt1532946,,,,,
1312,1 hr 40 min,Drama,Beautiful Boy (2010),"{'Domestic': 77247, 'International': 62876, 'Worldwide': 140123}",tt1533013,"June 3, 2011 (Domestic)",Anchor Bay Films,16162.0,R,
1313,1 hr 33 min,Comedy Romance,Is It Just Me? (2010),{},tt1533053,,,,,
1314,1 hr 24 min,Documentary,Loving Lampposts (2010),{},tt1533081,,,,,
1315,1 hr 36 min,Action Thriller,The Traveler (2010),{},tt1533084,,,,R,
1316,1 hr 29 min,Drama Music,Stomp the Yard 2: Homecoming (2010),{},tt1533817,,,,PG-13,
1317,15 min,Drama Short Thriller,Culebra (2010),{},tt1534010,,,,,
1318,10 min,Drama Short,Eskimo Kiss (2009),{},tt1534022,,,,,
1319,14 min,Comedy Drama Romance Short,Organism (2010),{},tt1534048,,,,,
1320,1 hr 50 min,Horror Mystery Sci-Fi,Beyond the Black Rainbow (2010),"{'Domestic': 56491, 'International': 56491}",tt1534085,"May 18, 2012 (Domestic)",Magnolia Pictures,4957.0,R,
1321,1 hr 19 min,Horror Thriller,Savage County (2010),{},tt1535080,,,,,
1322,1 hr 28 min,Drama Sci-Fi,The First Men in the Moon (2010),{},tt1535107,,,,,
1323,1 hr 29 min,Comedy Drama Romance,Lying to Be Perfect (2010),{},tt1535565,,,,,
1324,1 hr 21 min,Comedy Drama,Douchebag (2010),"{'Domestic': 20615, 'International': 20615}",tt1535568,"October 1, 2010 (Domestic)",Paladin,2966.0,,
1325,1 hr 30 min,Fantasy Horror,Monsterwolf (2010),{},tt1535608,,,,R,
1326,1 hr 27 min,Horror,The Possession of David O'Reilly (2010),{},tt1535617,,,,,
1327,54 min,Biography Documentary History,Wyatt Earp (2010),{},tt1535859,,,,,
1328,1 hr 31 min,Horror Mystery,Paranormal Activity 2 (2010),"{'Domestic': 84752907, 'International': 92759125, 'Worldwide': 177512032}",tt1536044,"October 20, 2010 (EMEA)",Paramount Pictures,40678424.0,R,3000000.0
1329,1 hr 56 min,Comedy Musical Romance,First Night (2010),"{'Domestic': 32729, 'International': 32729}",tt1536053,"October 14, 2011 (United Kingdom)",,,,
1330,1 hr 27 min,Crime Mystery Thriller,My Family's Secret (2010),{},tt1536054,,,,,
1331,1 hr 38 min,Comedy,Hitting the Nuts (2010),{},tt1536082,,,,,
1332,9 min,Documentary Horror Short,The S from Hell (2010),{},tt1536483,,,,,
1333,1 hr 54 min,Horror Sci-Fi,Wake the Witch (2010),{},tt1536516,,,,,
1334,1 hr 29 min,Thriller,The Boy She Met Online (2010),{},tt1536536,,,,,
1335,1 hr 27 min,Drama Family Sci-Fi Thriller,Forge (2010),{},tt1537280,,,,,
1336,1 hr 56 min,Drama Music,Angel Camouflaged (2010),{},tt1537302,,,,,
1337,10 min,Action Drama Short,A Rock and a Hard Place (2009),{},tt1537368,,,,,
1338,10 min,Animation Documentary Music Short,An Eyeful of Sound (2010),{},tt1537384,,,,,
1339,20 min,Comedy Drama Family Short,Annie in the Aisle of Irma (2010),{},tt1537386,,,,,
1340,1 hr 22 min,Comedy,Armless (2010),{},tt1537392,,,,,
1341,9 min,Crime Drama Short Thriller,Betrayed (2010),{},tt1537412,,,,,
1342,1 hr 18 min,Drama,Bummer Summer (2010),{},tt1537424,,,,,
1343,18 min,Drama Short,Displaced (2010),{},tt1537463,,,,,
1344,1 hr 16 min,Animation Comedy Family Sci-Fi,Space Chimps 2: Zartog Strikes Back (2010),"{'Domestic': 4326900, 'International': 4326900}",tt1537481,"May 28, 2010 (EMEA)",,,PG,
1345,53 min,Documentary,The Practice of the Wild (2010),{},tt1537485,,,,,
1346,45 min,Documentary,Beyond Limits (2010),{},tt1537722,,,,,
1347,1 hr 50 min,Crime Mystery Thriller,Life Is an Art (2010),{},tt1537850,,,,,
1348,21 min,Adventure Comedy Drama Short,The Road Home (2010),{},tt1537956,,,,,
1349,1 hr 39 min,Drama Fantasy Horror,The Museum of Wonders (2010),{},tt1538404,,,,,
1350,11 min,Drama Fantasy Short,My Queer Samsara (2010),{},tt1538884,,,,,
1351,19 min,Biography Comedy Documentary Drama Family Short,Quadrangle (2010),{},tt1538967,,,,,
1352,1 hr 29 min,Comedy,Seducing Charlie Barker (2010),{},tt1539017,,,,R,
1353,1 hr 25 min,Drama,Slackistan (2010),{},tt1539042,,,,,
1354,1 hr 34 min,Documentary Drama Music,For Once in My Life (2010),{},tt1539288,,,,,
1355,17 min,Comedy Short,Glenn Owen Dodds (2010),{},tt1539291,,,,,
1356,1 hr 26 min,Action Thriller,Body Blow (2010),{},tt1539492,,,,,
1357,2 hr 8 min,Action Crime,Black Stallion (2010),{},tt15396744,,,,,
1358,1 hr 30 min,Adventure Fantasy Horror,Wanderlost (2010),{},tt1540093,,,,,
1359,1 hr 30 min,Drama Mystery Thriller,Confined (2010),{},tt1540116,,,,,
1360,1 hr 36 min,Crime Drama Thriller,Bonded by Blood (2010),{},tt1540400,,,,,
1361,1 hr 29 min,Family,Slow Moe (2010),{},tt1540449,,,,,
1362,1 hr 30 min,Biography Documentary History News,A Good Day to Die (2010),"{'Domestic': 573, 'International': 573}",tt1540733,"November 4, 2011 (Domestic)",Alive Mind Cinema,,,
1363,1 hr 26 min,Action Adventure Comedy Fantasy Horror Sci-Fi Thriller,Amphibious Creature of the Deep (2010),"{'Domestic': 78506, 'International': 78506}",tt1540761,"February 23, 2012 (United Arab Emirates)",,,R,
1364,1 hr 30 min,Horror Sci-Fi,Atomic Brain Invasion (2010),{},tt1540772,,,,,
1365,1 hr 45 min,Drama Horror Romance Thriller,Birth of Separation (2010),{},tt1540790,,,,,
1366,1 hr 20 min,Comedy,Brother's Justice (2010),{},tt1540803,,,,,
1367,55 min,Documentary History News,Capital (2010),{},tt1540813,,,,,
1368,1 hr 58 min,Documentary,Casino Jack and the United States of Money (2010),"{'Domestic': 176865, 'International': 176865}",tt1540814,"May 7, 2010 (Domestic)",Magnolia Pictures,28234.0,R,
1369,14 min,Drama Short,Condemned (2010),{},tt1540828,,,,,
1370,1 hr 31 min,Action Thriller,Kill Jane Doe (2010),{},tt1540960,,,,,
1371,1 hr 12 min,Documentary,iThemba (2010),{},tt1541006,,,,,
1372,1 hr 20 min,Documentary Drama History News,The Minutemen Movie (2010),{},tt1541134,,,,,
1373,1 hr 30 min,Drama,Amazon Falls (2010),{},tt1541610,,,,,
1374,53 min,Documentary,Cangleska Wakan (2010),{},tt1541654,,,,,
1375,1 hr 30 min,Action Drama,Circle of Pain (2010),{},tt1541664,,,,R,
1376,1 hr 29 min,Drama Romance,Deleted Scenes (2010),{},tt1541699,,,,,
1377,10 min,Drama Short,Fear/Love (2009),{},tt1541742,,,,,
1378,,Documentary,10 Mountains 10 Years (2010),{},tt1541788,,,,,
1379,1 hr 30 min,Drama,Half-Dragon Sanchez (2010),{},tt1541800,,,,,
1380,54 min,Documentary,"Kiri Wai, Inner Skin (2010)",{},tt1541840,,,,,
1381,10 min,Drama Romance Sci-Fi Short,Little Love (2010),{},tt1541868,,,,,
1382,1 hr 15 min,Biography,Lost in the Crowd (2010),{},tt1541873,,,,,
1383,1 hr 14 min,Biography Documentary Drama,To Catch a Dollar: Muhammad Yunus Banks on America (2010),"{'Domestic': 77142, 'International': 77142}",tt1541943,"March 31, 2011 (Domestic)",Area 23a,,,
1384,52 min,Documentary,Il corridore (2010),{},tt1541968,,,,,
1385,4 min,Comedy Short,Winner: Best Short Film (2010),{},tt1542036,,,,,
1386,1 hr 34 min,Biography Drama,127 Hours (2010),"{'Domestic': 18335230, 'International': 42403567, 'Worldwide': 60738797}",tt1542344,"November 5, 2010 (Domestic)",Fox Searchlight,264851.0,R,18000000.0
1387,13 min,Romance Short,After Lilly (2010),{},tt1542359,,,,,
1388,1 hr 13 min,Documentary Music,Beats of Freedom (2010),{},tt1542391,,,,,
1389,13 min,Drama Short,Bedford Park Boulevard (2010),{},tt1542392,,,,,
1390,1 hr 10 min,Action Biography Documentary History News War,Budrus (2009),"{'Domestic': 68353, 'International': 68353}",tt1542411,"October 8, 2010 (Domestic)",Balcony Releasing,7819.0,,
1391,1 hr 24 min,Drama,At the Very Bottom of Everything (2010),{},tt1542452,,,,,
1392,1 hr 22 min,Drama,Treacle Jr. (2010),"{'Domestic': 2248, 'International': 2248}",tt1542486,"July 15, 2011 (United Kingdom)",,,,
1393,2 hr 3 min,Comedy Music Romance,Whatever She Wants (2014),{},tt1542792,,,,,
1394,,Adventure,The the the (2010),{},tt1543262,,,,,
1395,1 hr 25 min,Comedy Romance,Mayflower! (2009),{},tt1543493,,,,,
1396,1 hr 19 min,Documentary,Mister Rogers & Me (2010),{},tt1543511,,,,,
1397,33 min,Biography Documentary Music Short,Music by Prudence (2010),{},tt1543539,,,,,
1398,25 min,Drama Short,Poetry Man (2010),{},tt1543665,,,,,
1399,1 hr 15 min,Comedy Documentary History War,Polack (2010),{},tt1543667,,,,,
1400,1 hr 45 min,Comedy,Rent a Car (2010),{},tt1543739,,,,,
1401,1 hr 12 min,Adventure Comedy Horror,Blood Junkie (2010),{},tt1543752,,,,,
1402,11 min,Animation Short,Shhh! (2010),{},tt1543814,,,,,
1403,5 min,Documentary Mystery Short,Sitting (2009),{},tt1543838,,,,,
1404,1 hr 15 min,Documentary War,Standing Army (2010),{},tt1543883,,,,,
1405,1 hr 18 min,Documentary Drama History Sport,Streetball (2010),{},tt1543895,,,,,
1406,1 hr 40 min,Comedy,Hero Man (2010),{},tt1544551,,,,,
1407,52 min,Documentary,Kuru: The Science and the Sorcery (2010),{},tt1544565,,,,,
1408,1 hr 36 min,Adventure Drama Family Fantasy Musical,The Search for Santa Paws (2010),{},tt1544572,,,,,
1409,1 hr 33 min,Drama,In Our Name (2010),"{'Domestic': 5464, 'International': 5464}",tt1544590,"December 10, 2010 (United Kingdom)",,,,
1410,20 min,Comedy Romance Short,Alone Forever (2010),{},tt1544870,,,,,
1411,1 hr 31 min,Adventure Documentary Drama Family Sport,Beyond the Chair (2010),{},tt1545026,,,,,
1412,1 hr 39 min,Documentary Music,Kenny Chesney: Summer in (2010),{},tt1545098,,,,,
1413,1 hr 39 min,Comedy,My American Nurse 2 (2010),{},tt1545099,,,,,
1414,1 hr 47 min,Biography Documentary Music,Rush: Beyond the Lighted Stage (2010),{},tt1545103,,,,,
1415,1 hr 30 min,Horror Mystery Thriller,Needle (2010),"{'Domestic': 259185, 'International': 259185}",tt1545315,"July 29, 2011 (Türkiye)",,,R,
1416,11 min,Drama Short,Touch (2010),{},tt1545527,,,,,
1417,8 min,Animation Drama Short,Yellow Cake (2010),{},tt1545555,,,,,
1418,18 min,Action Comedy Crime Drama Short Thriller,Your Lucky Day (2010),{},tt1545556,,,,,
1419,7 min,Comedy Romance Short,2 Tickets to the Movies (2010),{},tt1545972,,,,,
1420,1 hr 35 min,,The Beginner (2010),{},tt1546032,,,,,
1421,,Short,The Dinner Party (2010),{},tt1546035,,,,,
1422,1 hr 26 min,Action,The Kane Files: Life of Trial (2010),{},tt1546420,,,,R,
1423,2 hr 5 min,Documentary Music,Halford: Live in Anaheim (2010),{},tt1546655,,,,,
1424,6 min,Comedy Drama Romance Short,The Laundromat (2010),{},tt1547011,,,,,
1425,36 min,Drama Short,La République (2010),{},tt1547636,,,,,
1426,1 hr 16 min,Drama,Martha (2010),{},tt1547891,,,,,
1427,2 hr,Comedy,Naked Nerve Endings (2010),{},tt1547913,,,,,
1428,8 min,Animation Short,Pickles for Nickels (2009),{},tt1547942,,,,,
1429,25 min,Comedy Short,Successful Alcoholics (2010),{},tt1548018,,,,,
1430,1 hr 30 min,Action Sci-Fi Western,Swine (2012),{},tt1548021,,,,,
1431,1 hr 20 min,Horror Thriller,Siren (2010),{},tt1548635,,,,R,
1432,1 hr 21 min,Documentary Drama,12th & Delaware (2010),{},tt1548865,,,,,
1433,1 hr 40 min,Drama,Babylon Central (2010),{},tt1548899,,,,,
1434,1 hr 47 min,War,The Cross Roads (2009),{},tt1549012,,,,,
1435,25 min,Comedy Drama Romance Short,Tabu (2010),{},tt1549025,,,,,
1436,1 hr 34 min,Drama,The Builder (2010),{},tt1549050,,,,,
1437,13 min,Animation Drama Fantasy Short,Zero (2010),{},tt1549172,,,,,
1438,1 hr 52 min,Drama Music Musical Romance,Pure Country 2: The Gift (2010),"{'Domestic': 133771, 'International': 133771}",tt1549571,"October 15, 2010 (Domestic)",Warner Bros.,,PG,
1439,1 hr 20 min,Comedy Horror,I Didn't Come Here to Die (2010),{},tt1549584,,,,,
1440,1 hr 15 min,Drama,The Little Death (2010),{},tt1550903,,,,,
1441,1 hr 36 min,Action Drama Thriller,Grim (2010),{},tt1552034,,,,,
1442,1 hr 30 min,Comedy Musical,Freak Dance (2010),{},tt1552173,,,,,
1443,1 hr 14 min,Comedy,Honeymooner (2010),{},tt1552184,,,,,
1444,11 min,Drama Short,La historia de siempre (2009),{},tt1552202,,,,,
1445,1 hr 8 min,Documentary,Monica & David (2009),{},tt1553066,,,,,
1446,1 hr 28 min,Musical,Scumbabies (2010),{},tt1553290,,,,,
1447,1 hr 17 min,Documentary,Sex Magic: Manifesting Maya (2010),{},tt1553301,,,,,
1448,1 hr 14 min,Documentary,Sidewalk (2010),{},tt1553312,,,,,
1449,1 hr 30 min,Documentary,The Last Word (2008),{},tt1553919,,,,,
1450,1 hr 10 min,Biography Crime Documentary,La carta (2010),{},tt1555039,,,,,
1451,1 hr 25 min,Documentary,Living Downstream (2010),{},tt1555056,,,,,
1452,1 hr 57 min,Drama Music,Country Strong (2010),"{'Domestic': 20218921, 'International': 310273, 'Worldwide': 20529194}",tt1555064,"December 22, 2010 (Domestic)",Screen Gems,30452.0,PG-13,15000000.0
1453,1 hr 26 min,Horror Thriller,The Burningmoore Incident (2010),{},tt1555095,,,,,
1454,6 min,Drama Short,The Ignorant Bliss of Sun and Moon (2010),{},tt1555112,,,,,
1455,1 hr 32 min,Biography Drama Romance,The Secret Diaries of Miss Anne Lister (2010),{},tt1555126,,,,,
1456,1 hr 28 min,Action Drama,The Vigilante (2010),{},tt1555156,,,,,
1457,1 hr 23 min,Drama,Snap (2010),"{'Domestic': 7263, 'International': 7263}",tt1555209,"April 8, 2011 (United Kingdom)",,,,
1458,1 hr 28 min,Comedy Drama Romance,The Accidental Death of Joey by Sue (2010),{},tt1555212,,,,,
1459,1 hr 25 min,Comedy,Fubar: Balls to the Wall (2010),{},tt1555747,,,,R,
1460,11 min,Comedy Short,Gayby (2010),{},tt1555806,,,,,
1461,5 min,Animation Biography Comedy Short Sport,Dock Ellis & The LSD No-No (2010),{},tt1557200,,,,,
1462,1 hr 28 min,Biography Documentary Family History News,My Perestroika (2010),"{'Domestic': 242707, 'International': 242707}",tt1557720,"March 23, 2011 (Domestic)",International Film Circuit,17680.0,,
1463,1 hr 9 min,Comedy,Do Not Disturb (2011),{},tt1558249,,,,,
1464,1 hr 47 min,Documentary,GasLand (2010),"{'Domestic': 30846, 'International': 18582, 'Worldwide': 49428}",tt1558250,"September 15, 2010 (Domestic)",International WOW,2641.0,,
1465,1 hr 25 min,Horror Thriller,Deadly Renovations (2010),"{'Domestic': 146146, 'International': 146146}",tt1558256,"June 8, 2012 (Domestic)",Nocturnal Features,42588.0,,
1466,1 hr 35 min,Western,6 Guns (2010),{},tt1558576,,,,R,
1467,1 hr 26 min,Drama,High School Gig (2010),{},tt1558959,,,,,
1468,1 hr 29 min,Biography Drama,Amish Grace (2010),{},tt1559025,,,,,
1469,1 hr 24 min,Horror,Prowl (2010),{},tt1559033,,,,R,
1470,1 hr 12 min,Documentary Sport,Bobby Cassidy: Counterpuncher (2009),{},tt1559333,,,,,
1471,1 hr 33 min,Biography Documentary History War,Restrepo (2010),"{'Domestic': 1330894, 'International': 105497, 'Worldwide': 1436391}",tt1559549,"June 25, 2010 (Domestic)",National Geographic Entertainment,35581.0,R,
1472,52 min,Documentary News,The Dancing Boys of Afghanistan (2010),{},tt1559673,,,,,
1473,1 hr 27 min,Comedy Drama,Boy (2010),"{'Domestic': 256211, 'International': 43294943, 'Worldwide': 43551154}",tt1560139,"August 26, 2010 (Australia)",Paladin Films/Unison Films,21244.0,,
1474,1 hr 38 min,Documentary,Fix ME (2009),{},tt1560148,,,,,
1475,1 hr 22 min,Biography Drama Music,Lennon Naked (2010),{},tt1560164,,,,,
1476,1 hr 10 min,Documentary History,11/4/08 (2010),{},tt1560609,,,,,
1477,25 min,Comedy Drama Short,Gareeb Nawaz's Taxi (2010),{},tt1560632,,,,,
1478,28 min,Biography Documentary Family Music Short,Let Your Feet Do the Talkin' (2010),{},tt1560686,,,,,
1479,1 hr 36 min,Comedy Drama,The New Year (2010),{},tt1560720,,,,,
1480,54 min,Music,Oddsac (2010),{},tt1560776,,,,,
1481,1 hr,Documentary,Gaze (2010),{},tt1560953,,,,,
1482,1 hr 22 min,Action Crime Thriller,Gun (2010),{},tt1560954,,,,R,
1483,1 hr 32 min,Documentary,I Want Your Money (2010),"{'Domestic': 433588, 'International': 433588}",tt1560957,"October 15, 2010 (Domestic)",Freestyle Releasing,249428.0,PG,
1484,2 hr 4 min,Drama,Neds (2010),"{'Domestic': 2019939, 'International': 2019939}",tt1560970,"December 3, 2010 (Spain)",,,,
1485,43 min,Horror Short,One Last Sunset (2010),{},tt1560974,,,,,
1486,1 hr 28 min,Comedy Drama Romance,Burn Out the Day (2010),{},tt1561388,,,,,
1487,1 hr 26 min,Documentary History War,Chosin (2010),{},tt1561406,,,,,
1488,1 hr 22 min,Drama Mystery,Clerk (2010),{},tt1561409,,,,,
1489,1 hr,Documentary Drama,Divine Pig (2010),{},tt1561451,,,,,
1490,1 hr 23 min,Action Thriller War,Essential Killing (2010),"{'Domestic': 490320, 'International': 490320}",tt1561768,"October 22, 2010 (Poland)",,,,
1491,1 hr 30 min,Documentary Music,Chickenfoot: Get Your Buzz on Live (2009),{},tt1562282,,,,,
1492,1 hr 30 min,Drama,Marathon (2010),{},tt1562366,,,,,
1493,1 hr 20 min,Documentary History,Stonewall Uprising (2010),"{'Domestic': 128203, 'International': 128203}",tt1562450,"June 16, 2010 (Domestic)",First Run,15729.0,,
1494,15 min,Crime Horror Short Thriller,iPsycho (2010),{},tt1562565,,,,,
1495,2 hr 4 min,Drama War,Amigo (2010),"{'Domestic': 184705, 'International': 184705}",tt1562847,"August 19, 2011 (Domestic)",Variance Films,37324.0,R,1500000.0
1496,1 hr 27 min,Action Comedy,To Die Is Hard (2010),"{'Domestic': 5129, 'International': 5129}",tt1562904,"December 17, 2010 (Domestic)",Driving With Our Eyes Shut,112.0,,
1497,52 min,Adventure Documentary,Ayahuasca: Vine of the Soul (2010),{},tt1562910,,,,,
1498,6 min,Animation Comedy Short,Wisdom Teeth (2010),{},tt1562926,,,,,
1499,1 hr 31 min,Horror Thriller,Closets (2010),{},tt1563121,,,,,
1500,1 hr 30 min,Documentary Music,77Boadrum (2008),{},tt1563650,,,,,
1501,1 hr,Comedy Documentary,Paul Mooney: It's the End of the World (2010),{},tt1563677,,,,,
1502,1 hr 47 min,Drama Sport,Legendary (2010),"{'Domestic': 200393, 'International': 200393}",tt1563704,"September 10, 2010 (Domestic)",The Samuel Goldwyn Company,126964.0,PG-13,
1503,1 hr 26 min,Documentary,Climate of Change (2010),{},tt1563712,,,,,
1504,1 hr 38 min,Action Thriller,Hunt to Kill (2010),"{'Domestic': 160867, 'International': 160867}",tt1563719,"March 14, 2013 (United Arab Emirates)",,,R,
1505,1 hr 33 min,Crime Drama Mystery Romance,An Affirmative Act (2010),{},tt1563771,,,,,
1506,1 hr 35 min,Comedy,Sex Tax: Based on a True Story (2010),{},tt1563777,,,,,
1507,1 hr 9 min,Documentary Reality-TV,The Adonis Factor (2010),{},tt1563778,,,,,
1508,1 hr 28 min,Mystery,Lies Between Friends (2010),{},tt1564005,,,,,
1509,1 hr 6 min,Action Documentary History Sport,Eskrimadors (2010),{},tt1564048,,,,,
1510,1 hr 26 min,Comedy Drama,Everyone Says I Look Just Like Her (2010),{},tt1564051,,,,,
1511,1 hr 40 min,Drama,Un mexicano más (2009),{},tt1564071,,,,,
1512,1 hr 32 min,Action Sci-Fi Thriller,Skyline (2010),"{'Domestic': 21393620, 'International': 45591267, 'Worldwide': 66984887}",tt1564585,"November 11, 2010 (EMEA, APAC)",Universal Pictures,11692415.0,PG-13,10000000.0
1513,15 min,Drama Sci-Fi Short Thriller,The 3rd Letter (2010),{},tt1565060,,,,,
1514,1 hr 44 min,Biography Documentary Music,No Distance Left to Run (2010),"{'Domestic': 64273, 'International': 64273}",tt1565434,"January 15, 2010 (United Kingdom)",,,,
1515,2 hr,Documentary,This Emotional Life (2010),{},tt1565777,,,,,
1516,9 min,Drama Short,The Car Wash (2010),{},tt1565978,,,,,
1517,1 hr,Comedy,Jake Johannsen: I Love You (2010),{},tt1566355,,,,,
1518,1 hr 25 min,Documentary,Hand Held (2010),{},tt1566533,,,,,
1519,1 hr 25 min,Biography Documentary Sport,Magic & Bird: A Courtship of Rivals (2010),{},tt1566591,,,,,
1520,1 hr 51 min,Documentary,Waiting for Superman (2010),"{'Domestic': 6417135, 'International': 16553, 'Worldwide': 6433688}",tt1566648,"September 24, 2010 (Domestic)",Paramount Vantage,139033.0,PG,
1521,6 min,Drama Family Mystery Short,The Empty Playground (2010),{},tt1567135,,,,,
1522,1 hr 25 min,Action Adventure Documentary News Sport,Into the Cold: A Journey of the Soul (2010),{},tt1567344,,,,,
1523,1 hr 45 min,Documentary,Inside the Church of Satan (2010),{},tt1567611,,,,,
1524,1 hr 47 min,Drama,Passenger Pigeons (2010),{},tt1567662,,,,,
1525,15 min,Comedy Drama Fantasy Romance Short,Bedfellows (2010),{},tt1567752,,,,,
1526,1 hr 47 min,Action Comedy Romance,Between Kings and Queens (2010),{},tt1567755,,,,PG-13,
1527,19 min,Action Drama Short Thriller,China Doll (2010),{},tt1567761,,,,,
1528,1 hr 40 min,Animation Biography Documentary Musical,"Deconstructing Dad: The Music, Machines and Mystery of Raymond Scott (2010)",{},tt1567766,,,,,
1529,1 hr 24 min,Biography Comedy Documentary Drama,Joan Rivers: A Piece of Work (2010),"{'Domestic': 2930687, 'International': 2930687}",tt1568150,"June 11, 2010 (Domestic)",IFC Films,164351.0,R,
1530,1 hr 30 min,Action Crime Thriller,Beatdown (2010),{},tt1568323,,,,R,
1531,1 hr 23 min,Drama Horror Mystery Sci-Fi,Grey Skies (2010),{},tt1568332,,,,,
1532,1 hr 34 min,Biography Documentary Mystery War,The Tillman Story (2010),"{'Domestic': 802535, 'International': 802535}",tt1568334,"August 20, 2010 (Domestic)",The Weinstein Company,52185.0,R,
1533,1 hr 28 min,Documentary,Jean-Michel Basquiat: The Radiant Child (2010),"{'Domestic': 256242, 'International': 256242}",tt1568335,"July 21, 2010 (Domestic)",Arthouse Films,17466.0,,
1534,1 hr 37 min,Drama Mystery Sci-Fi,15 Till Midnight (2010),{},tt1568798,,,,,
1535,1 hr 18 min,Action Comedy Fantasy Horror Mystery Thriller,As Night Falls (2010),{},tt1568802,,,,,
1536,59 min,Biography Documentary History News,Race (2010),{},tt1568874,,,,,
1537,1 hr 28 min,Documentary,Vlast (Power) (2010),{},tt1568910,,,,,
1538,1 hr 31 min,Crime Drama Mystery Thriller,Wicked Love: The Maria Korp Story (2010),{},tt1568916,,,,,
1539,1 hr 27 min,Documentary,I Am Comic (2010),{},tt1568926,,,,R,
1540,1 hr 34 min,Comedy,I Am Virgin (2010),{},tt1568927,,,,,
1541,1 hr 15 min,Documentary,Utopia in Four Movements (2010),{},tt1568930,,,,,
1542,1 hr 32 min,Crime Thriller,D.C. Sniper (2010),{},tt1569369,,,,R,
1543,1 hr 18 min,Comedy Drama,Made... The Movie (2010),{},tt1570094,,,,,
1544,1 hr 20 min,Documentary,Grant Morrison: Talking with Gods (2010),{},tt1570101,,,,,
1545,2 hr 40 min,Music Musical,Macbeth (2010),{},tt1570337,,,,,
1546,1 hr 40 min,Comedy Romance,Best Laid Schemes (2010),{},tt1570441,,,,,
1547,12 min,Drama Family Short,Catafalque (2010),{},tt1570462,,,,,
1548,1 hr 36 min,Comedy,Together Is Too Much (2010),"{'Domestic': 2721810, 'International': 2721810}",tt1570577,"February 17, 2010 (France)",,,,
1549,1 hr 38 min,Comedy Drama Romance,Tiny Furniture (2010),"{'Domestic': 391674, 'International': 24824, 'Worldwide': 416498}",tt1570989,"November 12, 2010 (Domestic)",IFC Films,21235.0,,
1550,31 min,Drama Romance Sci-Fi Short,I'm Here (2010),{},tt1571404,,,,,
1551,1 hr 34 min,Drama,Parked (2010),"{'Domestic': 17729, 'International': 17729}",tt1571409,"October 14, 2011 (United Kingdom)",,,,
1552,1 hr 27 min,Drama Music Romance,This Movie Is Broken (2010),{},tt1571739,,,,,
1553,1 hr 50 min,Comedy Drama Romance,Hong Kong Confidential (2010),"{'Domestic': 149118, 'International': 149118}",tt1572146,"September 17, 2010 (EMEA)",,,,
1554,1 hr 16 min,Documentary,Requiem for Detroit? (2010),{},tt1572190,,,,,
1555,42 min,Documentary,The Simpsons 20th Anniversary Special: In 3-D! On Ice! (2010),{},tt1572507,,,,,
1556,1 hr 29 min,Documentary,Countdown to Zero (2010),"{'Domestic': 272040, 'International': 15671, 'Worldwide': 287711}",tt1572769,"July 23, 2010 (Domestic)",Magnolia Pictures,41307.0,PG,
1557,2 hr 24 min,Horror,God of Vampires (2010),"{'Domestic': 53345, 'International': 53345}",tt1572773,"July 2, 2010 (Domestic)",Nocturnal Features,10395.0,,
1558,1 hr 30 min,Drama,Stained Glass Windows (2010),{},tt1573481,,,,,
1559,1 hr 25 min,Horror,Walking the Dead (2010),{},tt1573485,,,,,
1560,1 hr 25 min,Action Documentary Family Sport,BoardHeads (2010),{},tt1574541,,,,,
1561,1 hr 27 min,Biography Documentary,I Am Secretly an Important Man (2010),{},tt1574600,,,,,
1562,1 hr 38 min,Comedy Crime,Predicament (2010),"{'Domestic': 111003, 'International': 111003}",tt1574639,"August 26, 2010 (New Zealand)",,,,
1563,3 min,Short,Cet Air La (2010),{},tt15752494,,,,,
1564,1 hr 30 min,Drama Horror Thriller,Next Stop Murder (2010),{},tt1575517,,,,,
1565,1 hr 51 min,Drama Romance,Elena Undone (2010),{},tt1575539,,,,,
1566,1 hr 26 min,Horror Mystery,Mirrors 2 (2010),{},tt1576699,,,,R,
1567,1 hr 45 min,Adventure Comedy Fantasy,The Beast of Bottomless Lake (2010),{},tt1577072,,,,,
1568,1 hr 23 min,Action Drama,Underground (2010),{},tt1577111,,,,,
1569,1 hr,Documentary,The Story of 'Are You Being Served?' (2010),{},tt1577882,,,,,
1570,2 hr 1 min,Music,Spandau Ballet: The Reformation Tour 2009 - Live at the O2 (2009),{},tt1578137,,,,,
1571,1 hr 34 min,Action Sci-Fi,Re-Generator (2010),{},tt1578265,,,,,
1572,1 hr 46 min,Drama,Ijé: The Journey (2010),"{'Domestic': 199954, 'International': 199954}",tt1578582,"July 30, 2010 (Nigeria)",,,,
1573,1 hr 21 min,Documentary Music,Live from Tokyo (2010),{},tt1578594,,,,,
1574,1 hr 35 min,Western,Snowblind (2010),{},tt1578709,,,,,
1575,1 hr 26 min,Documentary Drama News,The Shark Con (2010),{},tt1578783,,,,,
1576,9 min,Comedy Drama Family Short,When Life Gives You Lemons (2010),{},tt1578850,,,,,
1577,1 hr 5 min,Fantasy Sci-Fi,Window on Your Present (2010),{},tt1578856,,,,,
1578,1 hr 30 min,Comedy Family Music Romance,StarStruck (2010),{},tt1579247,,,,,
1579,9 min,Drama Short,Zlatá Rybka (2010),{},tt1579290,,,,,
1580,12 min,Drama Fantasy Mystery Short,As They Fade (2010),{},tt1579320,,,,,
1581,1 hr 30 min,Comedy Documentary,Bad Writing (2010),{},tt1579324,,,,,
1582,1 hr 13 min,Comedy Drama,Dirty Old Town (2012),{},tt1579391,,,,,
1583,1 hr 18 min,Drama Thriller,Don't Show Mother (2010),{},tt1579396,,,,,
1584,1 hr 33 min,Drama,Edge (2010),{},tt1579948,,,,,
1585,1 hr 42 min,Horror,Hellweek (2010),{},tt1579956,,,,,
1586,1 hr 21 min,Action Biography Documentary Drama,ReGeneration (2010),{},tt1580346,,,,,
1587,1 hr 30 min,Documentary,Saturday Night (2010),{},tt1580427,,,,,
1588,52 min,Documentary,Clouds are not Spheres (1995),{},tt15806620,,,,,
1589,2 min,Animation News Short,Let's Harvest the Organs of Death Row Inmates (2009),{},tt1581326,,,,,
1590,1 hr 20 min,Comedy Crime Horror Mystery Thriller,President's Day (2010),{},tt1581336,,,,,
1591,30 min,Comedy,Bellamy's People (2010),{},tt1581696,,,,,
1592,1 hr 19 min,Horror,Zombie Undead (2010),"{'Domestic': 17, 'International': 17}",tt1581839,,,,,
1593,2 hr,Family,A Prairie Home Companion Live in HD! (2010),{},tt1582195,,,,,
1594,20 min,Drama Short,Man and Boy (2010),{},tt1582220,,,,,
1595,2 hr 7 min,Romance,Holidays (2010),{},tt1582505,,,,,
1596,1 hr 52 min,Family,Maa Nanna Chiranjeevi (2010),{},tt1582539,,,,,
1597,2 hr 30 min,Comedy,Mondi Mogullu Penki Pellalu (2010),{},tt1582556,,,,,
1598,,Action,Taj Mahal (2010),{},tt1582617,,,,,
1599,23 min,Drama Short,Gisberta (2009),{},tt1583259,,,,,
1600,20 min,Comedy Drama Romance Short,Kiddo (2010),{},tt1583286,,,,,
1601,1 hr 30 min,Thriller,A Trace of Danger (2010),{},tt1583389,,,,,
1602,1 hr 20 min,Drama,Upstate (2010),{},tt1583393,,,,,
1603,1 hr 31 min,Biography Documentary History Sport,Jews and Baseball: An American Love Story (2010),{},tt1583743,,,,,
1604,1 hr 30 min,Action Horror,The Long December (2010),{},tt1583754,,,,,
1605,22 min,Comedy Short,"E'gad, Zombies! (2010)",{},tt1583938,,,,,
1606,1 hr 30 min,Comedy,The Flirting Club (2010),{},tt1583948,,,,,
1607,41 min,Documentary Drama Family,A Family Is a Family Is a Family: A Rosie O'Donnell Celebration (2010),{},tt1583950,,,,,
1608,15 min,Comedy Drama Family Short,Baby Blue (2010),{},tt1583965,,,,,
1609,1 hr 20 min,Biography Documentary,Conversations with Artists (2010),{},tt1583983,,,,,
1610,1 hr 27 min,Documentary Drama Mystery Thriller,Catfish (2010),"{'Domestic': 3237343, 'International': 296368, 'Worldwide': 3533711}",tt1584016,"September 17, 2010 (Domestic)",Rogue Pictures,257285.0,PG-13,
1611,1 hr 16 min,Documentary,What is the Electric Car? (2010),{},tt1584141,,,,,
1612,1 hr 28 min,Drama,Book of Songs (2010),{},tt1584690,,,,PG-13,
1613,1 hr 28 min,Comedy,Guido Superstar: The Rise of Guido (2010),{},tt1584701,,,,,
1614,1 hr 47 min,Horror Sci-Fi Thriller,III Slices of Life (2010),{},tt1584730,,,,,
1615,1 hr 27 min,Horror,Suicide Girls Must Die! (2010),{},tt1584733,,,,R,
1616,1 hr 31 min,Adventure Horror Western,The Magnificent Dead (2010),{},tt1584747,,,,,
1617,,Horror,Trick of the Witch (2010),{},tt1584757,,,,,
1618,1 hr 1 min,Drama,Soul Boy (2010),"{'Domestic': 16211, 'International': 16211}",tt1585272,"December 2, 2010 (Germany)",,,,
1619,4 min,Animation Comedy Music Short,My Neighbourhood Has Been Overrun by Baboons (2010),{},tt1585618,,,,,
1620,13 min,Comedy Short,I Love Luci (2010),{},tt1585984,,,,,
1621,15 min,Drama Short,Mosa (2010),{},tt1586484,,,,,
1622,55 min,Biography Documentary Drama Music,People I Could Have Been and Maybe Am (2010),{},tt1586516,,,,,
1623,2 hr 1 min,Biography Drama History Western,Bass Reeves (2010),{},tt1586701,,,,PG-13,
1624,20 min,Drama Short Thriller,Deeper Than Yesterday (2010),{},tt1586733,,,,,
1625,1 hr 25 min,Drama,A sírásó (2010),{},tt1587109,,,,,
1626,1 hr 42 min,Mystery Romance,I'm Not Here: And She's Not There (2010),{},tt1587171,,,,,
1627,2 hr 1 min,Drama Romance,South Solitary (2010),"{'Domestic': 445957, 'International': 445957}",tt1587278,"July 29, 2010 (Australia)",,,,
1628,4 min,Comedy Short,"52 Takes of the Same Thing, Then Boobs (2010)",{},tt1587305,,,,,
1629,2 hr,Documentary Music,Hope for Haiti Now: A Global Benefit for Earthquake Relief (2010),{},tt1587308,,,,,
1630,1 hr 44 min,Biography Documentary Drama,To Whom It May Concern: Ka Shen's Journey (2010),{},tt1587357,,,,,
1631,1 hr 31 min,Action,Circle of Fury (2010),{},tt1587406,,,,,
1632,1 hr 18 min,Action Adventure Animation Comedy Family Fantasy Sci-Fi,Lego: The Adventures of Clutch Powers (2010),"{'Domestic': 69229, 'International': 69229}",tt1587414,"June 10, 2010 (South Korea)",,,,
1633,1 hr 39 min,Comedy Drama,Mint Julep (2010),{},tt1587419,,,,,
1634,1 hr 25 min,Comedy Drama Romance,The Cost of Love (2011),{},tt1587427,,,,,
1635,1 hr 30 min,Comedy Thriller,Ticked-Off Trannies with Knives (2010),{},tt1587431,,,,,
1636,1 hr 12 min,Documentary News,How to Start Your Own Country (2010),{},tt1587681,,,,,
1637,,Crime Drama,The Odds (2010),{},tt1587700,,,,,
1638,1 hr 27 min,Comedy Crime Documentary History,Exit Through the Gift Shop (2010),"{'Domestic': 3291250, 'International': 2094992, 'Worldwide': 5386242}",tt1587707,"April 16, 2010 (Domestic)",Producers Distribution Agency,170756.0,R,
1639,1 hr 32 min,Action Adventure Comedy Horror Sci-Fi Thriller,Mega Piranha (2010),{},tt1587807,,,,R,
1640,1 hr 27 min,Comedy Romance,Pooltime (2010),{},tt1587839,,,,,
1641,1 hr 44 min,Drama Thriller,The Art of Power (2010),{},tt1587865,,,,,
1642,1 hr 33 min,Comedy,The Strip Mall (2010),{},tt1588310,,,,,
1643,14 min,Sci-Fi Short,Yuri Lennon's Landing on Alpha 46 (2010),{},tt1588327,,,,,
1644,1 hr 30 min,Action Crime Thriller,Isle of Dogs (2010),{},tt1588362,,,,R,
1645,1 hr 25 min,Animation Documentary Family,One Big Hapa Family (2010),{},tt1588374,,,,,
1646,56 min,Comedy,Aziz Ansari: Intimate Moments for a Sensual Evening (2010),{},tt1588412,,,,,
1647,17 min,Drama Short Thriller,Shuffle (2010),{},tt1588475,,,,,
1648,12 min,Drama Short,Critical Eye (2010),{},tt1588862,,,,,
1649,58 min,Documentary,I Bought a Rain Forest (2010),{},tt1588874,,,,,
1650,43 min,Documentary,Live for the Moment (2010),{},tt1588881,,,,,
1651,1 hr 30 min,Action Adventure Drama Sci-Fi Thriller,Meteor Storm (2010),{},tt1589487,,,,,
1652,1 hr 55 min,Music,New Kids on the Block: Coming Home (2010),{},tt1589490,,,,,
1653,1 hr 23 min,Documentary,TuTuMuch (2010),{},tt1589511,,,,,
1654,1 hr 12 min,Drama,Ice Is the Earth (2010),{},tt1589971,,,,,
1655,1 hr 11 min,Drama Horror,Blood Red Moon (2010),{},tt1589989,,,,,
1656,1 hr 10 min,Documentary Drama,Cameroon Love Letter (For Solo Piano) (2010),{},tt1589995,,,,,
1657,1 hr 26 min,Drama,Memories of a Burning Tree (2010),{},tt1590092,,,,,
1658,2 hr 7 min,Drama,Natarang (2010),{},tt1590129,,,,,
1659,1 hr 15 min,Comedy Music,Nerdstock: Nine Lessons and Carols for Godless People (2010),{},tt1590130,,,,,
1660,52 min,Documentary,Dream World: The Biggest Brothel (2010),{},tt1590172,,,,,
1661,1 hr 1 min,Action Comedy Horror,The Book of Zombie (2010),{},tt1590190,,,,,
1662,57 min,Documentary,We Heard the Bells: The Influenza of 1918 (2010),{},tt1590238,,,,,
1663,21 min,Comedy Short Sport,Badfish (2009),{},tt1590279,,,,,
1664,1 hr 20 min,Documentary Sport,Brutal Beauty: Tales of the Rose City Rollers (2010),"{'Domestic': 9677, 'International': 9677}",tt1590295,"January 8, 2010 (Domestic)",Cinema Purgatorio,,,
1665,1 hr 10 min,Biography Documentary Drama History Thriller,Cult Witness (2010),{},tt1590317,,,,,
1666,20 min,Drama Short,Communication (2010),{},tt1590766,,,,,
1667,1 hr 10 min,Documentary,Absinthe (2010),{},tt1590802,,,,,
1668,59 min,Documentary,Brian Eno: Another Green World (2010),{},tt1591138,,,,,
1669,2 hr,Talk-Show,Bold and Fresh Tour (2010),{},tt1591465,,,,,
1670,1 hr 30 min,Comedy Documentary,Sinbad: Where U Been? (2010),{},tt1591499,,,,,
1671,1 hr 50 min,Horror,The Killing of Jacob Marr (2010),{},tt1591505,,,,,
1672,1 hr 41 min,Biography Drama,Mo (2010),{},tt1591585,,,,,
1673,45 min,Documentary,"Art Spiegelman, traits de mémoire (2010)",{},tt1591607,,,,,
1674,1 hr 28 min,Documentary,Burlesque Undressed (2010),{},tt1591608,,,,,
1675,55 min,Documentary History War,A Very Short War (2010),{},tt1591623,,,,,
1676,41 min,Drama Short,Only Good Things (2010),{},tt1592161,,,,,
1677,24 min,Drama Short,Paris/Sexy (2010),{},tt1592167,,,,,
1678,1 hr 30 min,Comedy Documentary Drama Music,Rainbows End (2010),{},tt1592175,,,,,
1679,1 hr 12 min,Comedy Documentary News,"Sex, Drugs & Religion (2010)",{},tt1592191,,,,,
1680,1 hr 40 min,Drama Horror Sci-Fi,The Defiled (2010),{},tt1592209,,,,,
1681,1 hr 45 min,Drama,Blessed and Cursed (2010),{},tt1592247,,,,,
1682,1 hr 29 min,Drama,The Holy Roller (2010),{},tt1592531,,,,,
1683,16 min,Drama Short,Cold Kiss (2010),{},tt1592551,,,,,
1684,14 min,Comedy Drama Short,Muscles (2010),{},tt1592753,,,,,
1685,13 min,Crime Documentary News Short,Release (2010),{},tt1592784,,,,,
1686,1 hr,Adventure Documentary Drama,"Camera, Camera (2010)",{},tt1592843,,,,,
1687,1 hr 30 min,Biography Documentary,Dirty Pictures (2010),{},tt1592855,,,,,
1688,18 min,Drama Romance Short,Disarm (2010),{},tt1592856,,,,,
1689,1 hr 33 min,Comedy Family Musical Sport,Score: A Hockey Musical (2010),{},tt1592876,,,,,
1690,16 min,Drama History Short War,Ghosts of War (2010),{},tt1593278,,,,,
1691,1 hr 27 min,Documentary,Horses (2010),{},tt1593288,,,,,
1692,1 hr 25 min,Comedy Romance Thriller,Twisted Seduction (2010),{},tt1593807,,,,,
1693,40 min,Documentary Short,Lt. Watada (2010),{},tt1594303,,,,,
1694,48 min,Documentary,Brace for Impact: The Chesley B. Sullenberger Story (2010),{},tt1594390,,,,,
1695,1 hr 15 min,Comedy Drama,Breaking News (2010),{},tt1594450,,,,,
1696,1 hr 12 min,Documentary,Den nya tiden (2010),{},tt1594460,,,,,
1697,1 hr 42 min,Drama,Seasons of a Life (2010),{},tt1594537,,,,,
1698,15 min,Drama Short,The Kiss (2010),{},tt1595003,,,,,
1699,1 hr 15 min,Action Horror Sci-Fi,The Last Zombi Hunter (2010),{},tt1595006,,,,,
1700,12 min,Drama Short,Seguro de vida (2010),{},tt1595375,,,,,
1701,1 hr 30 min,Action Crime Drama,Donkey (2010),{},tt1595388,,,,,
1702,1 hr 59 min,Documentary News,The American Matrix: Age of Deception (2009),{},tt1595473,,,,,
1703,1 hr 35 min,Fantasy Horror Music Mystery Thriller,Almost Invisible (2010),{},tt1595588,,,,,
1704,1 hr 56 min,Documentary Music,Bach & Friends (2010),{},tt1595607,,,,,
1705,1 hr 32 min,Comedy,Deranged High (2010),{},tt1595639,,,,,
1706,1 hr 21 min,Adventure Comedy Family Romance,Fred: The Movie (2010),"{'Domestic': 1309580, 'International': 1309580}",tt1595842,"December 17, 2010 (United Kingdom)",,,,
1707,1 hr 50 min,Action,Hunted by Night (2010),{},tt1595844,,,,,
1708,4 min,Adventure Animation Comedy Drama Short,Vacuum Attraction (2010),{},tt1596337,,,,,
1709,1 hr 28 min,Biography Documentary,Wistful Wilderness (2010),{},tt1596338,,,,,
1710,29 min,Documentary Short,Kinbaku (2010),{},tt1596572,,,,,
1711,37 min,Documentary Short,Pure in Heart: The Life and Legacy of Lon Chaney Jr. (2010),{},tt1596577,,,,,
1712,1 hr 28 min,Western,Gunfight at La Mesa (2010),{},tt1596784,,,,PG-13,
1713,1 hr 39 min,Action Crime Thriller,Locked Down (2010),{},tt1597033,,,,R,
1714,23 min,Short,Rob and Valentyna in Scotland (2010),{},tt1597119,,,,,
1715,25 min,Drama Short,Robert on His Lunch Break (2010),{},tt1597121,,,,,
1716,1 hr 40 min,Drama,Separation Anxiety (2010),{},tt1597135,,,,,
1717,1 hr 27 min,Biography Drama Music,Worried About the Boy (2010),{},tt1597178,,,,,
1718,1 hr 27 min,Documentary,"Love, Lust & Lies (2010)","{'Domestic': 18323, 'International': 18323}",tt1598106,"May 13, 2010 (Australia)",,,,
1719,1 hr 6 min,Horror,Krackoon (2010),{},tt1598169,,,,,
1720,1 hr 28 min,Drama,City of Motherly Love (2010),{},tt1598440,,,,,
1721,1 hr 10 min,Drama,Unreal Forest (2010),{},tt1598635,,,,,
1722,1 hr 20 min,Comedy Horror Thriller,* Cemetery (2010),{},tt1598691,,,,,
1723,9 min,Animation Biography Comedy Short,The Addiction Trilogy #1 Smoke Gets in Your Eyes (2010),{},tt1598699,,,,,
1724,6 min,Animation Drama Fantasy Sci-Fi Short,The Astronomer's Sun (2010),{},tt1598700,,,,,
1725,1 hr 22 min,Documentary,"All My Tumbler Girls, or All About Women Who Dare to... (2010)",{},tt1598760,,,,,
1726,1 hr 36 min,Documentary,David Wants to Fly (2010),{},tt1598782,,,,,
1727,13 min,Documentary Short,Paradise Later (2010),{},tt1598829,,,,,
1728,23 min,Documentary,Avatar: Creating the World of Pandora (2010),{},tt1599280,,,,,
1729,1 hr 27 min,Documentary History,Die Fliegerkosmonauten (2009),{},tt1599291,,,,,
1730,1 hr 39 min,Comedy Horror,Santa Claus Versus the Zombies (2010),{},tt1599350,,,,,
1731,16 min,Drama Fantasy Horror Mystery Short,The Sweet Hand of the White Rose (2010),{},tt1599366,,,,,
1732,1 hr 30 min,Documentary History,Secret Origin: The Story of DC Comics (2010),{},tt1599373,,,,,
1733,,Music,Corinne Bailey Rae (2010),{},tt1599675,,,,,
1734,1 hr 18 min,Documentary,Making Contakt (2010),{},tt1599989,,,,,
1735,21 min,Drama Musical Short,The Binds That Tie Us (2010),{},tt1600052,,,,,
1736,1 hr 27 min,Drama Family Romance,The Cutting Edge: Fire & Ice (2010),{},tt1600058,,,,,
1737,28 min,Drama Horror Mystery Short,Beware of What You Wish For (2010),{},tt1600477,,,,,
1738,1 hr 43 min,Comedy Drama,Happy Go Lucky (2010),{},tt1600522,,,,,
1739,1 hr 19 min,Comedy,Bill Maher... But I'm Not Wrong (2010),{},tt1600656,,,,,
1740,1 hr 47 min,Drama,Inside America (2010),"{'Domestic': 1819, 'International': 1819}",tt1600667,"February 11, 2011 (Austria)",,,,
1741,1 hr 30 min,Mystery Romance,Paris Connections (2010),{},tt1600680,,,,,
1742,13 min,Family Short,1001 Inventions and the Library of Secrets (2010),{},tt1600740,,,,,
1743,1 hr 1 min,Comedy,Back from Hell: A Tribute to Sam Kinison (2010),{},tt1600744,,,,,
1744,8 min,Drama Family Short,Night Terrors (2009),{},tt1600800,,,,,
1745,1 hr 25 min,Documentary Music,No Fun City (2010),{},tt1600801,,,,,
1746,1 hr 29 min,Biography Documentary History News,Please Remove Your Shoes (2010),{},tt1600841,,,,,
1747,1 hr 25 min,Documentary Drama,"Hope, Ghana (2010)",{},tt1600882,,,,,
1748,1 hr 28 min,Documentary Drama War,"Camp Victory, Afghanistan (2010)",{},tt1601184,,,,,
1749,13 min,Animation Fantasy Short,DC Showcase: The Spectre (2010),{},tt1601188,,,,,
1750,1 hr 21 min,Documentary,Erie (2010),{},tt1601193,,,,,
1751,1 hr 35 min,Biography Romance War,Home by Christmas (2010),"{'Domestic': 845199, 'International': 845199}",tt1601195,"April 22, 2010 (New Zealand)",,,,
1752,1 hr 34 min,Drama,Togetherness Supreme (2010),{},tt1601235,,,,,
1753,13 min,Drama Short,The Long Lonely Walk (2010),{},tt1601915,,,,,
1754,15 min,Animation Drama Short,A Lost and Found Box of Human Sensation (2010),{},tt1602004,,,,,
1755,1 hr,Documentary,Accidental Icon: The Real Gidget Story (2010),{},tt1602011,,,,,
1756,1 hr 34 min,Horror,Madness (2010),{},tt1602093,,,,,
1757,2 hr 5 min,Documentary News,Global Eugenics: Using Medicine to Kill (2009),{},tt1602507,,,,,
1758,1 hr 5 min,Biography Documentary,Holding Hands (2010),{},tt1602523,,,,,
1759,1 hr 15 min,Documentary,Little Town of Bethlehem (2010),{},tt1602609,,,,PG-13,
1760,,Drama,SpEd Hearts (2010),{},tt1602614,,,,,
1761,1 hr 2 min,Comedy Horror,Le Fear (2010),{},tt1603324,,,,,
1762,1 hr 22 min,Horror Thriller,Shackled (2010),{},tt1603379,,,,,
1763,3 min,Animation Drama Short,The Girl with Stories in Her Hair (2010),{},tt1603403,,,,,
1764,,Comedy Short,The Savage Canvas (2010),{},tt1603416,,,,,
1765,1 min,Action Animation Comedy Short War,The Tail Gunner (2010),{},tt1603419,,,,,
1766,1 hr 47 min,Comedy Family Music,Unitards (2010),{},tt1603444,,,,PG,
1767,1 hr 6 min,Comedy,Dan Cummins: Crazy with a Capital F (2010),{},tt1603472,,,,,
1768,,Drama,On Expenses (2010),{},tt1603483,,,,,
1769,24 min,Adventure Animation Family Fantasy Short,Higglety Pigglety Pop! or There Must Be More to Life (2010),{},tt1603847,,,,,
1770,30 min,,"Hollywood Hookups, Makeups, & Breakups (2010)",{},tt1603848,,,,,
1771,1 hr 44 min,Action Adventure Thriller,Caught Inside (2010),{},tt1604070,,,,R,
1772,1 hr 27 min,Comedy Sport,Back Nine (2010),{},tt1604106,,,,,
1773,11 min,Drama Short,Passing Time (2010),{},tt1604153,,,,,
1774,1 hr 6 min,Adventure Documentary Drama,Soi Dogs (2010),{},tt1604206,,,,,
1775,1 hr 40 min,Drama,Ben & Sam (2010),{},tt1604556,,,,,
1776,1 hr 24 min,Action Comedy Horror,Death of the Dead (2011),{},tt1604564,,,,,
1777,1 hr 29 min,Biography Documentary,Straight & Butch (2010),{},tt1604709,,,,,
1778,2 hr,Horror,The Last Battleground (2010),{},tt1604927,,,,,
1779,1 hr 10 min,Comedy Drama,Bad Batch (2010),{},tt1605644,,,,,
1780,3 min,Animation Comedy Short,Clean Carousel (2010),{},tt1605678,,,,,
1781,2 hr 7 min,Horror,Necronos (2010),{},tt1605751,,,,,
1782,1 hr 25 min,Comedy Drama Romance,The Happy Poet (2010),"{'Domestic': 3400, 'International': 3400}",tt1605765,"March 22, 2013 (Domestic)",Cinema Libre Studio,1847.0,,
1783,1 hr 34 min,Comedy Musical Romance,2 hati 1 jiwa (2010),{},tt1606158,,,,,
1784,1 hr 50 min,Comedy Drama Family,A Christmas Snow (2009),{},tt1606191,,,,,
1785,11 min,Short,Deafness (2010),{},tt1606227,,,,,
1786,1 hr 16 min,Biography Documentary,Goodnight Nobody (2010),{},tt1606229,,,,,
1787,8 min,Documentary Short,Last Address (2010),{},tt1606269,,,,,
1788,45 min,Documentary,Rwanda: Take Two (2010),{},tt1606325,,,,,
1789,1 hr 27 min,Comedy Drama Romance,Semerah Cinta Stilleto (2010),{},tt1606329,,,,,
1790,14 min,Documentary Short,The Mystery of Flying Kicks (2010),{},tt1606347,,,,,
1791,1 hr 50 min,Crime Drama Romance,File 25 (2010),{},tt1606379,,,,,
1792,13 min,Action Animation Short Thriller Western,DC Showcase: Jonah Hex (2010),{},tt1606600,,,,,
1793,1 hr 31 min,Action Horror Thriller,Bloodwood Cannibals (2010),{},tt1606710,,,,,
1794,24 min,Drama Fantasy Horror Music Short,Coyote (2010),{},tt1606718,,,,,
1795,,Documentary,Monsters Resurrected (2009),{},tt1607173,,,,,
1796,1 hr 4 min,Documentary Family History War,In the Matter of Cha Jung Hee (2010),{},tt1607562,,,,,
1797,2 hr,Animation,Lava Kusa: The Warrior Twins (2010),{},tt1607568,,,,,
1798,1 hr 18 min,Comedy Romance,Shut Up & Kiss Me (2010),{},tt1607583,,,,,
1799,54 min,Documentary Drama History,Keeping the Kibbutz (2010),{},tt1608162,,,,,
1800,1 hr 26 min,Documentary,My Trip to Al-Qaeda (2010),{},tt1608182,,,,,
1801,1 hr 19 min,Action Documentary Drama,Tell Me and I Will Forget (2010),{},tt1608217,,,,,
1802,1 hr 8 min,Biography Documentary Family History,Toyland (2010),{},tt1608255,,,,,
1803,1 hr 23 min,Drama,Littlerock (2010),"{'Domestic': 17309, 'International': 17309}",tt1608285,"August 12, 2011 (Domestic)",Variance Films,,,
1804,55 min,Documentary Drama,Bastards of Utopia (2010),{},tt1608345,,,,,
1805,1 hr 27 min,Comedy Horror Romance,Execution (2010),{},tt1608366,,,,,
1806,,Documentary,Aerial Platform Operations (2010),{},tt1608501,,,,,
1807,,Drama Romance Short,Pleasures (2010),{},tt1608565,,,,,
1808,11 min,Drama Short,Second Cousins Once Removed (2010),{},tt1608588,,,,,
1809,1 hr 21 min,Comedy Drama Romance,Some Boys Do (2010),{},tt1608598,,,,,
1810,,Documentary,The Art of the Dynamic Handgun (2010),{},tt1608610,,,,,
1811,1 hr 16 min,Comedy Horror Mystery,The Hills Have Thighs (2010),{},tt1608612,,,,,
1812,1 hr 12 min,Action,Beautiful Female Panther: Body Sniper (2010),{},tt1608620,,,,,
1813,20 min,Sci-Fi Short,Red Earth (2010),{},tt1608632,,,,,
1814,1 hr 27 min,Drama,My Brothers (2010),"{'Domestic': 5523, 'International': 5523}",tt1608782,"August 17, 2012 (United Kingdom)",,,,
1815,1 hr 1 min,Documentary Music,Stones in Exile (2010),{},tt1609157,,,,,
1816,1 hr 35 min,Biography Crime Drama,Who Is Clark Rockefeller? (2010),{},tt1609807,,,,,
1817,1 hr 18 min,Documentary History,1040: Christianity in the New Asia (2010),{},tt1609920,,,,,
1818,3 min,Comedy Short,12 (2010),{},tt1609921,,,,,
1819,1 hr 13 min,Documentary Family,The Edge of Dreaming (2009),{},tt1609962,,,,,
1820,11 min,Animation Short,The North Pole Deception (2010),{},tt1609971,,,,,
1821,12 min,Drama Fantasy Horror Short,The Pool (2010),{},tt1609974,,,,,
1822,1 hr 13 min,Biography Comedy Documentary Music,The Rise and Fall and Rise of Sensational (2010),{},tt1609975,,,,,
1823,10 min,Biography Documentary Short,This Chair Is Not Me (2011),{},tt1609984,,,,,
1824,1 hr 15 min,Animation Family Fantasy,Barbie in a Mermaid Tale (2010),{},tt1610301,,,,,
1825,1 hr 43 min,Horror Thriller,Night Drive (2010),"{'Domestic': 23458, 'International': 23458}",tt1610394,"March 4, 2011 (South Africa)",,,,
1826,20 min,Comedy Music Short,Go Go Reject (2010),{},tt1610478,,,,,
1827,1 hr 25 min,Comedy Documentary Horror Music,Halloween on 6th Street (2010),{},tt1610481,,,,,
1828,1 hr 10 min,Documentary Drama,Themerson & Themerson (2010),{},tt1610517,,,,,
1829,1 hr 29 min,Action Adventure Drama Thriller,Airline Disaster (2010),{},tt1610528,,,,,
1830,1 hr 23 min,Documentary Music,Thunder Soul (2010),"{'Domestic': 143986, 'International': 143986}",tt1611180,"September 23, 2011 (Domestic)",Roadside Attractions,51260.0,PG,
1831,55 min,Documentary News,Behind Taliban Lines (2010),{},tt1611330,,,,,
1832,1 hr 35 min,Documentary,A Different Path (2010),{},tt1611806,,,,,
1833,1 hr 10 min,Drama,Komoly dolgok (2010),{},tt1611878,,,,,
1834,1 hr 22 min,Drama War,Minus One (2010),{},tt1611913,,,,,
1835,2 hr 6 min,Drama Romance,Miss You Like Crazy (2010),"{'Domestic': 3183529, 'International': 3183529}",tt1611914,"February 24, 2010 (Philippines)",,,,
1836,15 min,Drama Short,Music in the Blood (2010),{},tt1611928,,,,,
1837,1 hr 23 min,Biography Crime Documentary,My Kidnapper (2010),{},tt1611931,,,,,
1838,1 hr 40 min,Drama,Pitas (2010),{},tt1611975,,,,,
1839,16 min,Documentary Drama Family Short,Relative Madness (2009),{},tt1611984,,,,,
1840,1 hr 23 min,Documentary,Man on a Mission: Richard Garriott's Road to the Stars (2010),"{'Domestic': 8688, 'International': 8688}",tt1611990,"January 13, 2012 (Domestic)",First Run,3430.0,,
1841,1 hr 30 min,Documentary,Summit on the Summit (2010),{},tt1612056,,,,,
1842,1 hr 31 min,Action Drama Western,The Academy (2010),{},tt1612069,,,,,
1843,13 min,Comedy Short,The Man Who Married Himself (2010),{},tt1612087,,,,,
1844,,Drama Romance,The Red Shoes (2010),{},tt1612093,,,,,
1845,1 hr 14 min,Biography Documentary,When I Rise (2010),{},tt1612135,,,,,
1846,1 hr,Documentary,World Peace and Other 4th Grade Achievements (2010),{},tt1612140,,,,,
1847,1 hr 28 min,Documentary Family,Chandani: The Daughter of the Elephant Whisperer (2010),{},tt1612264,,,,,
1848,32 min,Documentary Short,The Lazarus Effect (2010),{},tt1612590,,,,,
1849,1 hr 22 min,Comedy Fantasy Horror,Rubber (2010),"{'Domestic': 100370, 'International': 1359, 'Worldwide': 101729}",tt1612774,"April 1, 2011 (Domestic)",Magnolia Pictures,16346.0,R,
1850,1 hr 27 min,Documentary,Fantasyland (2010),{},tt1613032,,,,,
1851,1 hr 32 min,Action Adventure Sci-Fi,Mission Park (2010),{},tt1613047,,,,,
1852,58 min,Documentary,Street Art: The Ephemeral Rebellion (2010),{},tt1613798,,,,,
1853,1 hr 30 min,Documentary Music,The Sun Came Out (2010),{},tt1613819,,,,,
1854,4 min,Horror Short,The Zombie Nine (2010),{},tt1613824,,,,,
1855,45 min,Documentary,Search and Destroy: Iggy & The Stooges' Raw Power (2010),{},tt1615068,,,,,
1856,1 hr 30 min,Adventure Sci-Fi Thriller,The Lost Future (2010),{},tt1615091,,,,,
1857,10 min,Comedy Documentary Drama Short,The Right to Privacy (2010),{},tt1615095,,,,,
1858,2 hr,Documentary Mystery Sci-Fi Western,The Triumph of Astana (2010),{},tt1615103,,,,,
1859,1 hr 17 min,Documentary,Thoughts Become Things (2010),{},tt1615107,,,,,
1860,1 hr 53 min,Comedy Romance,You to Me Are Everything (2010),"{'Domestic': 2203119, 'International': 2203119}",tt1615136,"May 5, 2010 (Philippines)",,,,
1861,1 hr 10 min,Horror,Jimmy Tupper vs. the Goatman of Bowie (2010),{},tt1615153,,,,,
1862,1 hr 38 min,Comedy Drama Romance,Heading West (2010),{},tt1615474,,,,,
1863,1 hr 7 min,Documentary Sci-Fi,The Owl in Daylight: Philip K. Dick Is Here (2013),{},tt16157652,,,,,
1864,1 hr 30 min,Documentary Music,Heavy Metal Britannia (2010),{},tt1615847,,,,,
1865,1 hr 41 min,Drama Romance,The Seminarian (2010),{},tt1615885,,,,,
1866,1 hr 31 min,Comedy Crime,Vacation! (2010),{},tt1615902,,,,,
1867,3 min,Action Animation Short,Vegeterrible (2010),{},tt1615903,,,,,
1868,14 min,Comedy Drama Short,Vicky and Sam (2010),{},tt1615905,,,,,
1869,1 hr 55 min,Comedy Drama Romance Sport,Waldo the Dog (2010),{},tt1615908,,,,,
1870,1 hr 25 min,Comedy Romance,You Should Meet My Son! (2010),{},tt1615916,,,,,
1871,1 hr 34 min,Comedy Drama Horror,Zombie Bankers (2010),{},tt1615917,,,,,
1872,1 hr 35 min,Drama,Black Butterfly (2010),{},tt1616092,,,,,
1873,9 min,Drama Fantasy Short,Out (2010),{},tt1616143,,,,,
1874,1 hr 23 min,Crime Documentary News,Rollin: The Decline of the Auto Industry and Rise of the Drug Economy in Detroit (2010),{},tt1616162,,,,,
1875,3 min,Comedy Short,Sweet As (2010),{},tt1616183,,,,,
1876,1 hr 28 min,Horror,Meadowoods (2010),{},tt1616512,,,,R,
1877,1 hr 32 min,Comedy Music Musical,Not the Messiah: He's a Very Naughty Boy (2010),{},tt1616543,,,,PG,
1878,1 hr 51 min,Documentary Drama,Strengt hemmelig (2010),{},tt1616550,,,,,
1879,12 min,Comedy Romance Short,Blind Date (2010),{},tt1617023,,,,,
1880,14 min,Animation Comedy Drama Family Short,Cockroach (2010),{},tt1617059,,,,,
1881,1 hr 38 min,Horror Mystery Thriller,Curio (2010),{},tt1617072,,,,,
1882,1 hr 16 min,Documentary Family,Eleanore & the Timekeeper (2010),{},tt1617105,,,,,
1883,5 min,Animation Comedy Short,Elk Hair Caddis (2010),{},tt1617109,,,,,
1884,1 hr 25 min,Comedy,On Holiday (2010),{},tt1617154,,,,,
1885,12 min,Drama Short,Part of Me (2010),{},tt1617160,,,,,
1886,1 hr 20 min,Horror Thriller,Re-Cut (2010),{},tt1617172,,,,,
1887,1 hr 22 min,Comedy Crime Drama,Salvador's Deli (2010),{},tt1617180,,,,,
1888,3 min,Musical Short,Snow Beard (2010),{},tt1617191,,,,,
1889,1 hr 16 min,Documentary Music,Sounds Like a Revolution (2010),{},tt1617194,,,,,
1890,1 hr 23 min,Crime Drama,Gone with the Pope (2010),{},tt1617250,,,,,
1891,54 min,Biography Documentary History Sport,Run Ricky Run (2010),{},tt1617299,,,,,
1892,49 min,Biography Documentary History Sport,The Birth of Big Air (2010),{},tt1617300,,,,,
1893,52 min,Biography Documentary History Sport,The 16th Man (2010),{},tt1617301,,,,,
1894,,Documentary,Is Everything We Know About the Universe Wrong? (2010),{},tt1617384,,,,,
1895,1 hr 27 min,Drama Horror Thriller,A Horrible Way to Die (2010),{},tt1617620,,,,R,
1896,1 hr 30 min,Drama Thriller,Daddy's Home (2010),{},tt1617630,,,,,
1897,1 hr 41 min,Biography Drama History,The Disciple (2010),"{'Domestic': 233528, 'International': 233528}",tt1618390,"April 23, 2010 (Spain)",,,,
1898,20 min,Drama Fantasy Horror Short,Wake (2010),{},tt1618416,,,,,
1899,1 hr 28 min,Drama Family,White Lion (2010),"{'Domestic': 99635, 'International': 99635}",tt1618421,"February 19, 2010 (South Africa)",Screen Media Films,,PG,
1900,8 min,Drama Short,Wild Birds (2010),{},tt1618423,,,,,
1901,30 min,Comedy,Lizzie and Sarah (2010),{},tt1618470,,,,,
1902,1 hr 25 min,Action Sci-Fi,Avenging Force: The Scarab (2010),{},tt1619016,,,,,
1903,1 hr 30 min,Comedy Horror,Mad Cow (2010),{},tt1619034,,,,,
1904,1 hr 29 min,Comedy Romance,Nice Guy Johnny (2010),{},tt1619037,,,,,
1905,7 min,Drama Short,Swing (2010),{},tt1619043,,,,,
1906,1 hr 53 min,Drama,And on the Third Day (2010),{},tt1619481,,,,,
1907,15 min,Comedy Short,"A Man, a Woman, a Genie, a Gun (2010)",{},tt1619592,,,,,
1908,6 min,Action Adventure Animation Sci-Fi Short,Azureus Rising (2010),{},tt1619606,,,,,
1909,7 min,Drama Horror Short Thriller,Broken (2010),{},tt1619623,,,,,
1910,14 min,Comedy Drama Romance Short,Captivus (2010),{},tt1619625,,,,,
1911,1 hr 26 min,Documentary History,Deforce (2010),{},tt1619638,,,,,
1912,1 hr 38 min,Crime Drama,Hobby Farm (2011),{},tt1619834,,,,R,
1913,1 hr 52 min,Documentary History,Yellow Cake: Die Lüge von der sauberen Energie (2010),{},tt1619891,,,,,
1914,6 min,Animation Comedy Family Fantasy Short,Day & Night (2010),{},tt1620446,,,,,
1915,1 hr 28 min,Horror,Nightmare Alley (2010),{},tt1620557,,,,,
1916,1 hr 30 min,Comedy Drama Mystery,One Angry Man (2010),{},tt1620566,,,,,
1917,50 min,Documentary,"Au nom du Père, de tous, du ciel (2010)",{},tt1620691,,,,,
1918,1 hr,Drama,Canoe Man (2010),{},tt1620706,,,,,
1919,1 hr 18 min,Biography Documentary,"How Much Does Your Building Weigh, Mr Foster? (2010)","{'Domestic': 13013, 'International': 153869, 'Worldwide': 166882}",tt1620785,"October 8, 2010 (Spain)",,,,
1920,1 hr 25 min,Drama War,Joe Maddison's War (2010),{},tt1620822,,,,,
1921,29 min,Horror Mystery Short Thriller,Last Remaining Light (2010),{},tt1620855,,,,,
1922,1 hr 15 min,Biography Documentary History,The Sons of Tennessee Williams (2010),"{'Domestic': 3242, 'International': 3242}",tt1621019,"October 7, 2011 (Domestic)",First Run,1492.0,,
1923,1 hr 30 min,Horror Thriller,Bad Behaviour (2010),{},tt1621418,,,,,
1924,1 hr 29 min,Drama Mystery Thriller,The Stepson (2010),{},tt1621438,,,,,
1925,14 min,Drama Fantasy Short,Marty (Unplugged) (2010),{},tt1621816,,,,,
1926,1 hr 25 min,Documentary,Much Ado in Mostar (2010),{},tt1621832,,,,,
1927,12 min,Drama Short,Roxy (2010),{},tt1621918,,,,,
1928,1 hr 19 min,Comedy Drama,S&M Lawn Care (2010),{},tt1621920,,,,,
1929,1 hr 51 min,Drama Romance,Living Together (2010),{},tt1621947,,,,,
1930,1 hr 24 min,Documentary,Superhero Me (2010),{},tt1621977,,,,,
1931,11 min,Biography Documentary Short,Corner Plot (2010),{},tt1622596,,,,,
1932,30 min,Documentary History Short,Death and Taxes (2010),{},tt1622599,,,,,
1933,58 min,Adventure Documentary Sci-Fi,Crop Circles: 2010 Update - The Wake Up Call (2010),{},tt1622972,,,,,
1934,1 hr 20 min,Documentary History,Gobeklitepe: The World's First Temple (2010),{},tt1622984,,,,,
1935,1 hr 34 min,Biography Documentary Drama,The Arbor (2010),"{'Domestic': 21620, 'International': 104562, 'Worldwide': 126182}",tt1623008,"October 22, 2010 (United Kingdom)",Strand Releasing,2638.0,,
1936,55 min,Documentary,A Place Without People (2010),{},tt1623630,,,,,
1937,1 hr 24 min,Documentary History,Machete Maidens Unleashed! (2010),{},tt1623757,,,,,
1938,1 hr 16 min,Biography Documentary Drama News,Honest Man: The Life of R. Budd Dwyer (2010),{},tt1623777,,,,,
1939,1 hr 30 min,Drama,A Night for Dying Tigers (2010),{},tt1624376,,,,,
1940,1 hr 30 min,Documentary,Generation Zero (2010),{},tt1624385,,,,,
1941,1 hr 32 min,Action Horror Thriller,Killer Bitch (2010),{},tt1624391,,,,,
1942,1 hr 25 min,Comedy,Republic of Pete (2010),{},tt1624400,,,,,
1943,1 hr 6 min,Music Mystery,Showgirls: Exposed (2010),{},tt1624401,,,,,
1944,1 hr 23 min,Drama,Trigger (2010),{},tt1624408,,,,,
1945,1 hr 30 min,Horror,Zombie Apocalypse (2010),{},tt1624413,,,,,
1946,1 hr 9 min,Comedy Horror,Beverly Lane (2010),{},tt1624415,,,,,
1947,1 hr 15 min,Comedy Drama,Gringa (2010),{},tt1624421,,,,,
1948,1 hr 20 min,Drama,I Will Follow (2010),"{'Domestic': 135809, 'International': 135809}",tt1624426,"March 11, 2011 (Domestic)",AFFRM,56176.0,,
1949,1 hr 14 min,Biography Documentary,Ed Hardy: Tattoo the World (2010),{},tt1625092,,,,,
1950,6 min,Animation Comedy Short,The Cow Who Wanted to Be a Hamburger (2010),{},tt1625161,,,,,
1951,1 hr 27 min,Drama Thriller,Flight of the Cardinal (2010),{},tt1625328,,,,,
1952,2 hr 5 min,Drama Family,Hello Zindagi (2010),{},tt1625331,,,,,
1953,1 hr 25 min,Comedy Drama Music,Hard Core Logo 2 (2010),{},tt1625562,,,,,
1954,55 min,Drama,"Me, Myself, and My Third Eye: 4 Enlightened Stories for 1 Imperfect God (2010)",{},tt1625563,,,,,
1955,2 hr 28 min,Comedy,Melbourne International Comedy Festival Gala (2010),{},tt1625870,,,,,
1956,1 hr 30 min,Documentary Sport,One Night in Turin (2010),{},tt1626175,,,,,
1957,,Documentary Music,Phish (2010),{},tt1626184,,,,,
1958,5 min,Animation Drama Fantasy Sci-Fi Short,Plasticity (2010),{},tt1626189,,,,,
1959,1 hr 28 min,Fantasy Horror,Red: Werewolf Hunter (2010),{},tt1626201,,,,,
1960,14 min,Adventure Animation Comedy Family Short,Save Our Bacon (2010),{},tt1626213,,,,,
1961,1 hr 51 min,Comedy Family,Summertime Christmas (2010),{},tt1626240,,,,,
1962,9 min,Comedy Short,Choreomania (2010),{},tt1626622,,,,,
1963,1 hr,Comedy,Green Collar Comedy Show (2010),{},tt1626637,,,,,
1964,1 hr 26 min,Biography Documentary,Cameraman: The Life and Work of Jack Cardiff (2010),"{'Domestic': 20840, 'International': 20840}",tt1626811,"May 13, 2011 (Domestic)",Strand Releasing,1998.0,,
1965,1 hr 28 min,Horror,Night of the Pumpkin (2010),{},tt1627926,,,,,
1966,1 hr 24 min,Drama Thriller,Playback (2010),{},tt1627930,,,,,
1967,,Family,The Journey (2010),{},tt1627937,,,,,
1968,21 min,Drama Short,13 ½ (2010),{},tt1627994,,,,,
1969,28 min,Documentary Short,Red Shirley (2010),{},tt1628045,,,,,
1970,1 hr 36 min,Comedy,Lisbet & Ulf show (2010),{},tt1629328,,,,,
1971,1 hr 20 min,Thriller,Rewind (2010),"{'Domestic': 12916, 'International': 12916}",tt1629372,"March 25, 2011 (United Kingdom)",,,,
1972,1 hr 20 min,Documentary,"The Cat, the Reverend and the Slave (2009)",{},tt1629399,,,,,
1973,,Action Drama Mystery Thriller,Trump Card (2010),{},tt1629424,,,,,
1974,1 hr 38 min,Comedy,Bakgat! II (2010),"{'Domestic': 762261, 'International': 762261}",tt1630031,"September 10, 2010 (South Africa)",,,,
1975,10 min,Short,3) Six Easy Pieces (2010),{},tt1630057,,,,,
1976,11 min,Drama Short,A/Muse (2010),{},tt1630229,,,,,
1977,1 hr 38 min,Adventure,Erase Una Vez En Durango (2010),{},tt1630237,,,,,
1978,28 min,Documentary Short,Implied Harmonies (2010),{},tt1630243,,,,,
1979,1 hr 32 min,Documentary Sport,Tim Cahill: The Unseen Journey (2010),{},tt1630283,,,,,
1980,3 min,Biography Comedy Music Short,Weird: The Al Yankovic Story (2010),{},tt1630285,,,,,
1981,1 hr 29 min,Drama Musical Romance,Butterfly Crush (2010),{},tt1630311,,,,,
1982,40 min,Biography Comedy Documentary Short,Esther & Me (2010),{},tt1630552,,,,,
1983,1 hr 22 min,Comedy Drama,The Most Important Thing in Life Is Not Being Dead (2010),"{'Domestic': 1619, 'International': 1619}",tt1630560,"December 16, 2011 (Spain)",,,,
1984,1 hr 22 min,Documentary,The Striking Truth 3D (2010),{},tt1630565,,,,,
1985,1 hr 19 min,Horror,Nostrum (2010),{},tt1630607,,,,,
1986,8 min,Drama Short,Tell Tale (2010),{},tt1630654,,,,,
1987,18 min,Comedy Fantasy Romance Short,God of Love (2010),{},tt1631323,,,,,
1988,1 hr 1 min,Comedy Crime,Handlebar (2010),{},tt1631330,,,,,
1989,1 hr 15 min,Documentary History Music,Pool Party (2010),{},tt1631405,,,,,
1990,14 min,Adventure Animation Family Fantasy Short,Sneeze Me Away (2010),{},tt1631443,,,,,
1991,1 hr 5 min,Adventure Animation Family Fantasy,Care Bears to the Rescue (2010),{},tt1632481,,,,,
1992,59 min,Documentary,Paul Merton's Weird and Wonderful World of Early Cinema (2010),{},tt1632585,,,,,
1993,18 min,Drama Family Short,The Auction (2010),{},tt1632615,,,,,
1994,12 min,Comedy Horror Musical Short,The Legend of Beaver Dam (2010),{},tt1632641,,,,,
1995,1 hr 20 min,Biography Documentary,Painted with Words (2010),{},tt1632679,,,,,
1996,1 hr 15 min,Documentary Music,Bouncing Cats (2010),{},tt1632702,,,,,
1997,1 hr 48 min,Documentary,Burzynski: Cancer Is Serious Business (2010),{},tt1632703,,,,,
1998,45 min,Documentary,Cancer to Capricorn: Path of the Modern Gypsy (2010),{},tt1632704,,,,,
1999,1 hr 17 min,Horror,Creed (2010),{},tt1632705,,,,,
2000,1 hr 35 min,Drama War,Sisters of War (2010),{},tt1633245,,,,,
2001,,Drama Fantasy Horror Mystery Thriller,Swaha: Life Beyond Superstition (2010),{},tt1633250,,,,,
2002,10 min,Comedy Drama Short,The Ball (2010),{},tt1633254,,,,,
2003,15 min,Drama Short Thriller,The Room at the Top of the Stairs (2010),{},tt1633263,,,,,
2004,1 hr 48 min,Documentary Drama,Visa al paraíso (2010),{},tt1633281,,,,,
2005,1 hr 19 min,Documentary Music,"Coals to Newcastle: The New Mastersounds, from Leeds to New Orleans (2010)",{},tt1633334,,,,,
2006,,Action Drama,Dark Crossing (2010),{},tt1633341,,,,R,
2007,30 min,Comedy Drama Short,Fetish (2010),{},tt1634000,,,,,
2008,13 min,Drama Horror Short Thriller,In the Meadow (2010),{},tt1634010,,,,,
2009,1 hr 10 min,Documentary Music,Michael Jackson: The Inside Story - What Killed the King of Pop? (2010),{},tt1634036,,,,,
2010,10 min,Drama Music Short,The Eye of the Beholder (2010),{},tt1634068,,,,,
2011,1 hr 21 min,Horror,The Horror of the Dolls (2010),{},tt1634070,,,,,
2012,3 min,Animation Comedy Short,When Lynch Met Lucas (2010),{},tt1634092,,,,,
2013,1 hr 21 min,Drama,Love Chronicles: Secrets Revealed (2010),{},tt1634292,,,,,
2014,1 hr 25 min,Drama Romance,Role/Play (2010),{},tt1634300,,,,,
2015,1 hr 25 min,Action Adventure Comedy,Night Driver (2005),{},tt1634513,,,,,
2016,,Documentary Music,The Black Eyed Peas: The E.N.D. World Tour Live (2010),{},tt1634519,,,,,
2017,30 min,Animation Short,Hermie and Friends: Who's in Charge Anyway? (2010),{},tt1634553,,,,,
2018,47 min,Documentary News,Overdose (2010),{},tt1634833,,,,,
2019,9 min,Comedy Short,Happiness Is Hate Therapy (2010),{},tt1635460,,,,,
2020,1 hr 25 min,Comedy Documentary,Saturday Night Live in the 2000s: Time and Again (2010),{},tt1635658,,,,,
2021,1 hr,Documentary,Are Christians Being Persecuted? (2010),{},tt1636426,,,,,
2022,5 hr,Comedy,The 100 Greatest Stand Ups 2010 (2010),{},tt1636603,,,,,
2023,1 hr 33 min,Action Adventure Fantasy,The 7 Adventures of Sinbad (2010),{},tt1636629,,,,PG-13,
2024,50 min,,Las pistas - Lanhoyij - Nmitaxanaxac (2010),{},tt1636807,,,,,
2025,53 min,Drama,Yoshido (Les autres vies) (2010),{},tt1636846,,,,,
2026,1 hr 31 min,Documentary,Chasing Madoff (2010),"{'Domestic': 157612, 'International': 157612}",tt1636849,"August 26, 2011 (Domestic)",Cohen Media Group,,,
2027,10 min,Comedy Drama Fantasy Short,Hop the Twig (2010),{},tt1637626,,,,,
2028,56 min,Documentary,Make No Little Plans: Daniel Burnham and the American City (2010),{},tt1637697,,,,,
2029,2 hr,Biography Documentary History,The Real Robin Hood (2010),{},tt1637729,,,,,
2030,1 hr 36 min,Documentary,Viva! Saint Agrippina (2010),{},tt1637735,,,,,
2031,3 min,Action Animation Comedy Family Sci-Fi Short,Astro Boy vs. The Junkyard Pirates (2010),{},tt1637974,,,,,
2032,1 hr 35 min,Documentary,Atomic Jihad: Ahmadinejad's Coming War for Islamic Revival and Obama's Politics of Defeat (2010),{},tt1637975,,,,,
2033,1 hr 35 min,Comedy,#1 Cheerleader Camp (2010),{},tt1637976,,,,,
2034,1 min,Animation Comedy Family Sci-Fi Short,The RRF in New Recruit (2010),{},tt1637997,,,,,
2035,6 min,Animation Drama Short,Blossom (2010),{},tt1638266,,,,,
2036,8 min,Animation Short,Luna (2010),{},tt1638329,,,,,
2037,1 hr 20 min,Documentary,"Octubre Pilagá, relatos sobre el silencio (2010)",{},tt1638336,,,,,
2038,1 hr 57 min,Documentary,Client 9 (2010),"{'Domestic': 189416, 'International': 3454, 'Worldwide': 192870}",tt1638362,"November 5, 2010 (Domestic)",Magnolia Pictures,16962.0,R,
2039,18 min,Drama Short,The Cycle (2010),{},tt1638927,,,,,
2040,5 min,Action Animation Drama Fantasy Short,"Tsunami, Horses and Civilization (2010)",{},tt1638938,,,,,
2041,1 hr,Documentary News,What If Cannabis Cured Cancer (2010),{},tt1638943,,,,,
2042,9 min,Animation Drama Family Short,The Boy Who Wanted to Be a Lion (2010),{},tt1638954,,,,,
2043,1 hr 33 min,Crime Drama Thriller,Locked Away (2010),{},tt1639080,,,,,
2044,1 hr 44 min,Action Adventure Family Mystery,Mandie and the Cherokee Treasure (2010),{},tt1639082,,,,,
2045,1 hr 32 min,Biography Documentary Sport,The Westsiders (2010),{},tt1639089,,,,,
2046,,Drama Short,Sikat (2010),{},tt1639410,,,,,
2047,5 min,Drama Short,The Last 3 Minutes (2010),{},tt1639445,,,,,
2048,1 hr 30 min,Documentary,The McVeigh Tapes: Confessions of an American Terrorist (2010),{},tt1639446,,,,,
2049,10 min,Short,Nackt am See (2010),{},tt1639459,,,,,
2050,14 min,Romance Short,Nightswimming (2009),{},tt1639845,,,,,
2051,1 hr 40 min,Drama,Piece of Mind (2010),{},tt1639859,,,,,
2052,14 min,Adventure Short,Somersault (2010),{},tt1639902,,,,,
2053,51 min,Horror Mystery Sci-Fi,Escape (2010),{},tt1640122,,,,,
2054,22 min,Adventure Animation Family Fantasy,Lego Atlantis (2010),{},tt1640145,,,,,
2055,4 min,Animation Short,Ormie (2010),{},tt1640160,,,,,
2056,1 hr 24 min,Comedy,Sweaty Beards (2010),{},tt1640186,,,,,
2057,1 hr 25 min,Comedy,Vamps in the City (2010),{},tt1640196,,,,,
2058,1 hr 25 min,Horror,Mr. Hush (2010),{},tt1640220,,,,,
2059,1 hr 30 min,Action Comedy Romance,Andartu Terlampau... 21 Hari Mencari Suami! (2010),{},tt1640401,,,,,
2060,1 hr 36 min,Action Drama Romance,Belukar (2010),{},tt1640402,,,,,
2061,1 hr 30 min,Comedy Drama Romance,Lu Pikirlah Sendiri (2010),"{'Domestic': 640980, 'International': 640980}",tt1640515,"February 11, 2010 (Malaysia)",,,,
2062,1 hr 30 min,Action Adventure Drama Romance Thriller,Titanic II (2010),{},tt1640571,,,,,
2063,1 hr 19 min,Action Crime Romance,V3: Road Bully (2010),"{'Domestic': 1089691, 'International': 1089691}",tt1640617,"March 11, 2010 (Malaysia)",,,,
2064,1 hr 3 min,Comedy Documentary,Donnell Rawlings: From Ashy to Classy (2010),{},tt1640642,,,,,
2065,1 hr 13 min,Drama Horror Thriller,Farm (2010),{},tt1640644,,,,,
2066,19 min,Action Drama Romance Short Western,Kentina (2010),{},tt1640668,,,,,
2067,1 hr 19 min,Documentary Drama,Land of Destiny (2010),{},tt1640671,,,,,
2068,1 hr 30 min,Action,Más sabe el diablo: El primer golpe (2010),{},tt1640685,,,,,
2069,1 hr 38 min,Drama Family,The Christmas Bunny (2010),{},tt1640714,,,,PG,
2070,,Horror Sci-Fi,World Without Oil (2010),{},tt1640728,,,,,
2071,1 hr 37 min,Documentary Sport,Blue Moon Rising (2010),{},tt1641390,,,,,
2072,1 hr 27 min,Animation Family,Little Gobie (2010),"{'Domestic': 192460, 'International': 192460}",tt1641398,"December 11, 2010 (Hong Kong)",,,,
2073,1 hr 29 min,Action Crime Drama Mystery,The Devil's Teardrop (2010),{},tt1641415,,,,,
2074,1 hr 30 min,Music,Clutch: Live at the 9:30 (2010),{},tt1641616,,,,,
2075,14 min,Short Thriller,Uyuni (2010),{},tt1641646,,,,,
2076,,Documentary History,America: The Story of the US (2010),{},tt1641653,,,,,
2077,1 hr 7 min,Action Comedy Fantasy Horror,Conspiracy of Blood (2010),{},tt1641809,,,,,
2078,18 min,Comedy Crime Short,Monkey Bar Mafia (2010),{},tt1641822,,,,,
2079,1 hr 42 min,Biography Documentary Music,All I Ever Wanted: The Airborne Toxic Event Live from Walt Disney Concert Hall (2010),{},tt1641917,,,,,
2080,16 min,Comedy Short,Innocent When You Dream (2010),{},tt1642238,,,,,
2081,1 hr 28 min,Drama,Little Sparrows (2010),{},tt1642266,,,,,
2082,23 min,Comedy Crime Short,Badass Thieves (2010),{},tt1642609,,,,,
2083,7 min,Short,Lawyers (2010),{},tt1642625,,,,,
2084,,Comedy,Pendong (2010),{},tt1642634,,,,,
2085,,Comedy Drama,Admissions Open (2010),{},tt1643224,,,,,
2086,1 hr 30 min,Biography Documentary,Ganavim Ba Hok (2010),{},tt1644577,,,,,
2087,1 hr 30 min,Drama Mystery Thriller,Gods of Accident (2010),{},tt1644580,,,,,
2088,1 hr 22 min,Comedy Drama Romance,I Like You (2010),{},tt1644600,,,,,
2089,3 min,Comedy Short,"Your Town, USA (2010)",{},tt1644745,,,,,
2090,1 hr 23 min,Biography Documentary History,My Lai (2010),{},tt1644924,,,,,
2091,2 hr,Drama,A través del silencio (2010),{},tt1645034,,,,,
2092,1 hr 30 min,Comedy Family Fantasy,Chihuahua: The Movie (2010),{},tt1645042,,,,,
2093,1 hr 50 min,Comedy,Cholo Comedy Slam: Stand Up and Lean Back (2010),{},tt1645043,,,,,
2094,6 min,Animation Short,El sueño de Galileo (2010),{},tt1645060,,,,,
2095,1 hr 49 min,Crime Documentary,Inside Job (2010),"{'Domestic': 4312735, 'International': 3558787, 'Worldwide': 7871522}",tt1645089,"October 8, 2010 (Domestic)",Sony Pictures Classics,39649.0,PG-13,2000000.0
2096,58 min,,Letra adulta (2010),{},tt1645103,,,,,
2097,1 hr 31 min,Drama,Sandcastle (2010),{},tt1645134,,,,,
2098,28 min,Drama Short,Tokio Baby (2010),{},tt1645164,,,,,
2099,1 hr 48 min,Action,Double Crossed (2010),{},tt1645748,,,,,
2100,1 hr 15 min,Documentary,God of War: Unearthing the Legend Franchise Documentary (2010),{},tt1645756,,,,,
2101,3 min,Adventure Animation Comedy Family Short,New Digs (2010),{},tt1645807,,,,,
2102,1 hr 30 min,Comedy Horror,Paranormal Calamity (2010),{},tt1645830,,,,,
2103,1 hr 30 min,Drama Fantasy,Primordial Ties (2010),{},tt1645849,,,,,
2104,1 hr 23 min,Documentary Drama,Queen of the Sun: What Are the Bees Telling Us? (2010),{},tt1645852,,,,,
2105,,Comedy Short,Sad Bear (2010),{},tt1645869,,,,,
2106,14 min,Horror Short Thriller,Short Lease (2010),{},tt1645886,,,,,
2107,1 hr 27 min,Drama Family History,Sybil Ludington (2010),{},tt1645934,,,,,
2108,,Documentary History Short,Truth in Motion: The US Ski Team's Road to Vancouver (2010),{},tt1645937,,,,,
2109,,Musical Short,Her Mother's Daughters (2010),{},tt1645987,,,,,
2110,1 hr 40 min,Drama,"Life, Above All (2010)","{'Domestic': 134461, 'International': 96068, 'Worldwide': 230529}",tt1646111,"May 12, 2011 (Germany)",Sony Pictures Classics,13788.0,PG-13,
2111,1 hr 15 min,Drama,Rebecca H. (Return to the Dogs) (2010),{},tt1646121,,,,,
2112,1 hr 20 min,Drama,Royal Wedding (2010),{},tt1646124,,,,,
2113,1 hr 19 min,Comedy Crime Drama Music Mystery,Those People (2010),{},tt1646164,,,,,
2114,6 min,Action Sci-Fi Short Thriller,The Raven (2010),{},tt1646231,,,,,
2115,45 min,Documentary,The Ultimate Wave Tahiti (2010),"{'Domestic': 27809, 'International': 27809}",tt1646232,"February 18, 2010 (Australia)",,,,
2116,1 hr 30 min,Drama Family Fantasy Romance,16 Wishes (2010),{},tt1646876,,,,,
2117,1 hr 25 min,Documentary,Absent Present (2010),{},tt1646878,,,,,
2118,1 hr 30 min,Comedy,David Cross: Bigger & Blackerer (2010),{},tt1646887,,,,,
2119,1 hr 15 min,Adventure Animation Comedy Family,Open Season 3 (2010),"{'Domestic': 7487555, 'International': 7487555}",tt1646926,"October 21, 2010 (Russia/CIS)",Sony Pictures Entertainment (SPE),,PG,
2120,1 hr 6 min,Documentary,Surviving Hitler: A Love Story (2010),{},tt1646938,,,,,
2121,1 hr 38 min,Documentary,Cleveland Versus Wall Street (2010),"{'Domestic': 2239, 'International': 2239}",tt1646963,"June 2, 2011 (Austria)",,,,
2122,13 min,Short,Maya (2010),{},tt1646976,,,,,
2123,22 min,Fantasy Music Romance Short,Heartless: The Story of the Tin Man (2010),{},tt1647363,,,,,
2124,6 min,Comedy Family Short,Turkey (2010),{},tt1647411,,,,,
2125,8 min,Animation Comedy Drama Short,Yesno (2010),{},tt1647415,,,,,
2126,1 hr 37 min,Drama Thriller,Wasted on the Young (2010),"{'Domestic': 53844, 'International': 53844}",tt1647483,"March 3, 2011 (Australia)",,,R,
2127,58 min,Documentary,A Million in the Morning (2010),{},tt1647676,,,,,
2128,27 min,Drama Short,Fracture (2010),{},tt1647680,,,,,
2129,7 min,Drama Short,A Virus (2010),{},tt1647980,,,,,
2130,1 hr 36 min,Comedy Drama,Chronological Order (2010),{},tt1648035,,,,,
2131,1 hr 27 min,Documentary Family,Coral Sea Dreaming: Awaken (2010),{},tt1648044,,,,,
2132,1 hr 14 min,Adventure Comedy,D'Survivors (2010),{},tt1648055,,,,,
2133,1 hr 34 min,Action Comedy Drama Fantasy Horror Sci-Fi Thriller Western,Cowboys Vs. Vampires (2010),{},tt1648062,,,,,
2134,,Comedy,Getting High in the Barrio (2010),{},tt1648091,,,,,
2135,,Drama Short,The Clerk's Tale (2010),{},tt1648121,,,,,
2136,3 hr,Documentary,The Rise and Fall of Five Iron Frenzy (2010),{},tt1648166,,,,,
2137,1 hr 30 min,Drama,Beyond the Steppes (2010),"{'Domestic': 34485, 'International': 34485}",tt1648174,"November 10, 2010 (Belgium)",,,,
2138,51 min,Documentary,Sharunas Bartas: An Army of One (2010),{},tt1648188,,,,,
2139,17 min,Drama Horror Short,Foreclosed (2010),{},tt1648984,,,,,
2140,10 min,Drama Short,Les Softies (2010),{},tt1649049,,,,,
2141,10 min,Comedy Drama Short,Love. Marriage. Miscarriage (2010),{},tt1649062,,,,,
2142,47 min,Documentary,El espiritu de la salsa (2010),{},tt1649320,,,,,
2143,1 hr 28 min,Documentary,The 'Socalled' Movie (2010),{},tt1649416,,,,,
2144,1 hr 30 min,Documentary,Vidal Sassoon: The Movie (2010),"{'Domestic': 85974, 'International': 38558, 'Worldwide': 124532}",tt1649433,"February 11, 2011 (Domestic)",Phase 4 Films,13053.0,PG,
2145,23 min,Horror Short Thriller,Hunting (2010),{},tt1649766,,,,,
2146,1 hr 17 min,Drama,The Hopes & Dreams of Gazza Snell (2010),"{'Domestic': 52759, 'International': 52759}",tt1649787,"January 27, 2011 (New Zealand)",,,,
2147,10 min,Adventure Fantasy Romance Short,Teen Getaway (2010),{},tt1649959,,,,,
2148,1 hr 25 min,Adventure Documentary,The U Movie (2010),{},tt1650000,,,,,
2149,1 hr 40 min,Documentary History News,You Don't Like the Truth: 4 Days Inside Guantanamo (2010),"{'Domestic': 305, 'International': 305}",tt1650031,"October 7, 2011 (United Kingdom)",,,,
2150,14 min,Drama Short,The Apologies (2010),{},tt1650054,,,,,
2151,1 hr 17 min,Horror Thriller,If a Tree Falls (2010),{},tt1650412,,,,,
2152,1 hr 22 min,Action Drama,WebSiteStory (2010),"{'Domestic': 33729, 'International': 33729}",tt1650461,"May 13, 2010 (Romania)",,,,
2153,21 min,Action Comedy Drama Short,Beware Pickpocket (2010),{},tt1650494,,,,,
2154,1 hr 38 min,Action Horror Thriller,Dead Genesis (2010),{},tt1650516,,,,,
2155,1 hr 13 min,Documentary,Cultures of Resistance (2010),{},tt1650533,,,,,
2156,1 hr,Family Musical,Lilly's Light (2010),{},tt1650830,,,,,
2157,51 min,Adventure Documentary,Héen Táak (2010),{},tt1651126,,,,,
2158,13 min,Action Animation Comedy Fantasy Short,Lazy Teenage Superheroes (2010),{},tt1651138,,,,,
2159,52 min,Documentary,Immortal (2010),{},tt1651324,,,,,
2160,5 min,Musical Short,As You Like It (2010),{},tt1651883,,,,,
2161,1 hr 22 min,Music,Celtic Thunder: It's Entertainment (2010),{},tt1651887,,,,,
2162,1 hr 2 min,Documentary,King of Chinatown (2010),{},tt1651898,,,,,
2163,3 min,Comedy Short,Working Day (2010),{},tt1651968,,,,,
2164,1 hr 15 min,Horror,Monstro! (2010),{},tt1652207,,,,,
2165,1 hr 13 min,Adventure Documentary,End of the Road (2010),{},tt1652209,,,,R,
2166,2 min,Action Comedy Short Western,Fast (2010),{},tt1652291,,,,,
2167,11 min,Drama Horror Short Thriller,Monster (2010),{},tt1652314,,,,,
2168,1 hr 33 min,Action Drama Mystery,Prayer to a Vengeful God (2010),{},tt1652333,,,,,
2169,20 min,Comedy Musical Short,Sudden Death! (2010),{},tt1652359,,,,,
2170,4 min,Action Animation Drama Short,The Whale and the Dog (2010),{},tt1652369,,,,,
2171,6 min,Horror Short,Dracula's Daughters vs. the Space Brains (2010),{},tt1653001,,,,,
2172,1 hr 5 min,Adventure Comedy,Going with the Flow (2010),{},tt1653007,,,,,
2173,17 min,Drama Family Short,Misfortune (2010),{},tt1653022,,,,,
2174,14 min,Horror Short Thriller,Red Balloon (2010),{},tt1653053,,,,,
2175,3 min,Animation Short,Saloon (2010),{},tt1653059,,,,,
2176,6 min,Documentary Drama Short,Semi-Auto Colours (2010),{},tt1653063,,,,,
2177,1 hr 38 min,Documentary History War,"442: Live with Honor, Die with Dignity (2010)",{},tt1653647,,,,,
2178,20 min,Documentary Short,Adventure (2010),{},tt1653648,,,,,
2179,1 hr 15 min,Biography Drama War,First Light (2010),{},tt1653661,,,,,
2180,4 hr 24 min,Documentary,Vapor Trail (Clark) (2010),{},tt1653734,,,,,
2181,1 hr 31 min,Documentary,Boxing Gym (2010),"{'Domestic': 32476, 'International': 32476}",tt1653827,"October 22, 2010 (Domestic)",Zipporah Films,,,
2182,1 hr 9 min,Documentary,In purgatorio (2010),{},tt1653867,,,,,
2183,47 min,,"¿Adónde vas, loco? (2010)",{},tt1653952,,,,,
2184,7 min,Action Animation Fantasy Romance Short,Lady Ice (2010),{},tt1654742,,,,,
2185,1 hr,Biography Documentary Sport,The Fastest Man Who Has Ever Lived (2010),{},tt1654752,,,,,
2186,9 min,Horror Short,To My Mother and Father (2010),{},tt1654755,,,,,
2187,1 hr 34 min,Action Horror,Hard Ride to Hell (2010),{},tt1654833,,,,,
2188,1 hr 33 min,Action Adventure Romance Sci-Fi,Altitude Falling (2010),{},tt1655387,,,,,
2189,5 min,Biography Documentary Music Short,Bryan Adams: Bare Bones (2010),{},tt1655390,,,,,
2190,1 hr 10 min,Documentary History News,Mijn Enschede (2010),{},tt1655417,,,,,
2191,6 min,Romance Short,Morgan M. Morgansen's Date with Destiny (2010),{},tt1655419,,,,,
2192,52 min,Documentary Drama,The Miners' Hymns (2010),"{'Domestic': 6051, 'International': 6051}",tt1655446,"February 8, 2012 (Domestic)",Icarus Films,3217.0,,
2193,1 hr 17 min,Comedy,A Day at the Oasis (2010),{},tt1655553,,,,,
2194,2 hr,Mystery,Shadow Island Mysteries: Wedding for One (2010),{},tt1655629,,,,,
2195,11 min,Drama Horror Short Thriller,Andre (2010),{},tt1656607,,,,,
2196,1 hr 11 min,Comedy Horror,Nixon and Hogan Smoke Christmas (2010),{},tt1656695,,,,,
2197,12 min,Drama Short,Songbird (2010),{},tt1656762,,,,,
2198,,Documentary,Witch Hunter's Bible (2010),{},tt1656817,,,,,
2199,17 min,Comedy Short,Go Tell Ricky Scrotum (2010),{},tt1657278,,,,,
2200,1 hr 31 min,Action Adventure Drama Sci-Fi Thriller,Ice Quake (2010),{},tt1657284,,,,PG,
2201,1 hr 16 min,Documentary,Master Qi and the Monkey King (2010),{},tt1657296,,,,,
2202,1 hr,Documentary,Industrial Light & Magic: Creating the Impossible (2010),{},tt1657302,,,,,
2203,8 min,Comedy Short,F--K (2010),{},tt1657349,,,,,
2204,4 min,Animation Fantasy Mystery Short,The Arctic Circle (2010),{},tt1657443,,,,,
2205,1 hr 21 min,Comedy Mystery,The Drummond Will (2010),{},tt1657448,,,,,
2206,1 hr 30 min,Drama,No Body Found (2010),{},tt1657470,,,,R,
2207,52 min,Adventure Documentary Family Sport,First Love (2010),{},tt1657885,,,,,
2208,1 hr 1 min,Documentary News,Genetic Chile (2010),{},tt1657888,,,,,
2209,1 hr 40 min,Crime Drama Mystery,Detour (2010),{},tt1658078,,,,,
2210,58 min,Documentary Drama,Wastings & Pain (2010),{},tt1658842,,,,,
2211,1 hr 36 min,Biography Comedy Drama Romance,Toast (2010),"{'Domestic': 153922, 'International': 153922}",tt1658851,"March 25, 2011 (United Kingdom)",,,,
2212,15 min,Drama Romance Short,Grant St. Shaving Co. (2010),{},tt1659273,,,,,
2213,40 min,Biography Documentary Drama News Short,American Refugees: Homelessness in Four Movements (2010),{},tt1659304,,,,,
2214,1 hr 15 min,Animation Music,Gravity Was Everywhere Back Then (2010),{},tt1660362,,,,,
2215,1 hr 16 min,Documentary,Content (2010),{},tt1661035,,,,,
2216,1 hr 29 min,Documentary,The Eastwood Factor (2010),{},tt1661274,,,,,
2217,2 hr,Action Horror Western,Voodoo Cowboys (2010),{},tt1661311,,,,,
2218,2 hr,Comedy Horror Thriller,Hotel Hollywood (2010),{},tt1661843,,,,,
2219,14 min,Drama Romance Short Thriller,Mary Last Seen (2010),{},tt1661859,,,,,
2220,1 hr 1 min,Documentary,Violin Masters: Two Gentlemen of Cremona (2010),{},tt1661953,,,,,
2221,7 min,Family Short,You Can See the Sun in Late December (2010),{},tt1661965,,,,,
2222,1 hr 15 min,Documentary,Jedi Junkies (2010),{},tt1662514,,,,,
2223,1 hr 10 min,Comedy Horror,Piranha-Man vs. Werewolf Man: Howl of the Piranha (2010),{},tt1662556,,,,,
2224,1 hr 45 min,Horror Thriller,Astro Zombies: M3 - Cloned (2010),{},tt1662628,,,,,
2225,13 min,Adventure Documentary Short Sport,Big Birding Day (2010),{},tt1662636,,,,,
2226,1 hr 35 min,Comedy,DungeonCrawl (2010),{},tt1662691,,,,,
2227,20 min,Drama Short,Empty Spaces (2010),{},tt1662695,,,,,
2228,1 hr 55 min,Biography Documentary History Sport,4192: The Crowning of the Hit King (2010),{},tt1663128,,,,,
2229,47 min,Sci-Fi,Flood Stains (2010),{},tt1663140,,,,,
2230,59 min,Documentary History,Mental: A History of the Madhouse (2010),{},tt1663170,,,,,
2231,1 hr 34 min,Crime Drama Thriller,Across the Line: The Exodus of Charlie Wright (2010),{},tt1663193,,,,R,
2232,2 hr 4 min,Drama,The Grey Strip (2010),{},tt1663196,,,,,
2233,5 min,Animation Comedy Fantasy Sci-Fi Short,Tropical Cake Boutique (2010),{},tt1663219,,,,,
2234,17 min,Drama Short,Wapawekka (2010),{},tt1663227,,,,,
2235,1 hr 30 min,Drama,Webdultery (2010),{},tt1663228,,,,,
2236,1 hr 30 min,,Stone Is the Earth (2010),{},tt1663313,,,,,
2237,2 hr 15 min,Drama Musical,Emir (2010),"{'Domestic': 67048, 'International': 67048}",tt1663336,"June 9, 2010 (Philippines)",,,,
2238,1 hr 12 min,Drama,King Kongs Tränen (2010),{},tt1663652,,,,,
2239,1 hr 25 min,Drama,The Encounter (2010),{},tt1663680,,,,,
2240,1 hr 27 min,Crime Drama Thriller,The Perfect Teacher (2010),{},tt1663689,,,,,
2241,1 hr 16 min,Fantasy Horror,Wound (2010),{},tt1663956,,,,,
2242,1 hr 24 min,Documentary,A Drummer's Dream (2010),{},tt1663970,,,,,
2243,7 min,Action Drama Horror Mystery Short,Mercy (2010),{},tt1663989,,,,,
2244,1 hr 44 min,Fantasy Thriller,Neverlost (2010),{},tt1663999,,,,,
2245,1 hr 30 min,Drama Romance,Nude Study (2010),{},tt1664003,,,,,
2246,1 hr 20 min,Biography Documentary,One Week Job (2010),{},tt1664006,,,,,
2247,10 min,Comedy Romance Short Sport,One on One (2010),{},tt1664007,,,,,
2248,1 hr 29 min,Thriller,Perfect Plan (2010),{},tt1664010,,,,,
2249,8 min,Comedy Drama Romance Short,Piss (2010),{},tt1664013,,,,,
2250,4 min,Comedy Short,Schogetten (2010),{},tt1664027,,,,,
2251,45 min,Music,Go Quiet (2010),{},tt1664651,,,,,
2252,3 min,Comedy Drama Short,Home: Life Advice (2010),{},tt1664665,,,,,
2253,1 hr 20 min,Drama Family Romance,Modra (2010),{},tt1664708,,,,,
2254,7 min,Biography Documentary Short,Naked Pursuits (2010),{},tt1664725,,,,,
2255,18 min,Action Comedy Horror Short,Night of the Punks (2010),{},tt1664733,,,,,
2256,1 hr 3 min,Animation Documentary,Psychohydrography (2010),{},tt1664794,,,,,
2257,1 hr 18 min,Biography Documentary Drama History,Reparando (2010),{},tt1664825,,,,,
2258,1 hr 30 min,Documentary History,Cave of Forgotten Dreams (2010),"{'Domestic': 5304920, 'International': 2878427, 'Worldwide': 8183347}",tt1664894,"March 25, 2011 (United Kingdom)",IFC Films,139101.0,,
2259,10 min,Comedy Short,Wellenreiter (2010),{},tt1664902,,,,,
2260,11 min,Fantasy Horror Short,Lip Stick (2010),{},tt1664987,,,,,
2261,1 hr 6 min,Biography Documentary,The 904 (2010),{},tt1664996,,,,,
2262,16 min,Comedy Drama Romance Short,The Love Song of Iskra Prufrock (2010),{},tt1665012,,,,,
2263,5 min,Crime Drama Mystery Short,The Situation (2010),{},tt1665021,,,,,
2264,8 min,Comedy Horror Short Thriller,Candy. (2010),{},tt1665421,,,,,
2265,1 hr 15 min,Action Sci-Fi,Iron Soldier (2010),{},tt1665744,,,,,
2266,12 min,Adventure Horror Sci-Fi Short,The Aftermath: A 2012 Story (2010),{},tt1665763,,,,,
2267,11 min,Comedy Drama Short,The Closer You Get to Canada (2010),{},tt1665765,,,,,
2268,1 hr 5 min,Comedy,Indian Comedy Tour (2010),{},tt1665888,,,,,
2269,1 hr 22 min,Comedy Horror,Vampires Suck (2010),"{'Domestic': 36661504, 'International': 43886362, 'Worldwide': 80547866}",tt1666186,"August 18, 2010 (Domestic, EMEA)",Twentieth Century Fox,12202831.0,PG-13,20000000.0
2270,1 hr 30 min,Action Horror Sci-Fi Thriller,Jurassic Predator: Xtinction (2010),{},tt1666187,,,,,
2271,1 hr 31 min,Horror,The Accursed (2010),{},tt1666300,,,,,
2272,8 min,Action Short Thriller,Jack + Jill (2010),{},tt1666314,,,,,
2273,4 hr 10 min,Action Horror Thriller,Vixen Highway 2006: It Came from Uranus! (2010),{},tt1666348,,,,,
2274,13 min,Drama Mystery Short,Final Revision (2010),{},tt1666350,,,,,
2275,1 hr 40 min,Drama Romance Thriller,HDSP: Hunting Down Small Predators (2010),"{'Domestic': 74059, 'International': 74059}",tt1666364,"September 17, 2010 (Bulgaria)",,,,
2276,12 min,Comedy News Short War,A Movie by Jen Proctor (2010),{},tt1666545,,,,,
2277,4 min,Animation Fantasy Short Thriller,"Always, Only, Ever (2010)",{},tt1666554,,,,,
2278,1 hr 35 min,Drama Thriller,Anchor Baby (2010),"{'Domestic': 15790, 'International': 160994, 'Worldwide': 176784}",tt1666555,"December 10, 2010 (Nigeria)",Alpha Galore Films,3510.0,,
2279,12 min,Horror Short,Beating Hearts (2010),{},tt1666567,,,,,
2280,28 min,Drama Short,Ext. Life (2010),{},tt1666640,,,,,
2281,1 hr,Documentary News,Food Stamped (2010),{},tt1667079,,,,,
2282,1 hr 34 min,Comedy Drama,Lick (2010),{},tt1667105,,,,,
2283,1 hr 28 min,Comedy Drama,Uncle Brian (2010),{},tt1667141,,,,,
2284,1 hr 3 min,Fantasy,Willatuk: The Legend of Seattle's Sea Serpent (2010),{},tt1667153,,,,,
2285,50 min,Action Drama Horror,Zomblies (2010),{},tt1667156,,,,,
2286,1 hr 26 min,Horror Mystery Thriller,8213: Gacy House (2010),{},tt1667418,,,,,
2287,1 hr 27 min,Comedy Drama Romance,10ml LOVE (2010),{},tt1667460,,,,,
2288,16 min,Action Sci-Fi Short Western,Nickel Children (2010),{},tt1667466,,,,,
2289,1 hr 10 min,Documentary Family,Pyjama Girls (2010),{},tt1667473,,,,,
2290,8 min,Drama Short,Rhonda's Party (2010),{},tt1667476,,,,,
2291,1 hr 8 min,Music,Spark of Being (2010),{},tt1667485,,,,,
2292,14 min,Drama Short,Thomas (2010),{},tt1667692,,,,,
2293,22 min,Drama Romance Short,Verona (2010),{},tt1667694,,,,,
2294,1 hr 58 min,Action,Champion Road: Arena (2010),{},tt1667826,,,,,
2295,,History,Gladiators: Back from the Dead (2010),{},tt1667835,,,,,
2296,59 min,Documentary,The Man Who Shot the 60s (2010),{},tt1667871,,,,,
2297,1 hr,Comedy Documentary,Kathy Griffin: Kathy Griffin Does the Bible Belt (2010),{},tt1667891,,,,,
2298,1 hr 27 min,Drama,Mourning for Anna (2010),{},tt1667904,,,,,
2299,1 hr 20 min,Crime Thriller,Aardvark (2010),{},tt1668029,,,,,
2300,22 min,Comedy Short,April (2011),{},tt1668039,,,,,
2301,1 hr 39 min,Drama Family Romance,Before We Say Goodbye (2010),{},tt1668050,,,,PG-13,
2302,1 hr 41 min,Action Comedy Thriller,Conned (2010),{},tt1668074,,,,,
2303,1 hr 55 min,Comedy Drama Family,Daayen Ya Baayen (2010),{},tt1668078,,,,,
2304,1 hr 30 min,Documentary,Hooters! (2010),{},tt1668097,,,,,
2305,2 hr 35 min,Action Comedy,Kecoh Betul (2010),{},tt1669151,,,,,
2306,1 hr 46 min,Drama Romance,Lagenda Budak Setan (2010),"{'Domestic': 356007, 'International': 356007}",tt1669165,"November 29, 2012 (Malaysia)",,,,
2307,1 hr 19 min,Documentary Drama News,Bonsai People: The Vision of Muhammad Yunus (2011),{},tt1669566,,,,,
2308,10 min,Comedy Short,Dead Happy (2010),{},tt1669570,,,,,
2309,1 hr 33 min,Drama,Valkaama (2010),{},tt1669706,,,,,
2310,1 hr 30 min,Comedy Drama Family Romance,1/20 (2010),{},tt1669776,,,,,
2311,,Family,Ernst & Bobbie en 'Het geheim van de Monta Rossa' (2010),"{'Domestic': 614591, 'International': 614591}",tt1669786,"October 6, 2010 (Netherlands)",,,,
2312,1 hr 5 min,Drama,The Corners (2010),{},tt1669810,,,,,
2313,15 min,Comedy Horror Short,The Furred Man (2010),{},tt1669816,,,,,
2314,9 min,Animation Comedy Drama News Short,The Story of Bottled Water (2010),{},tt1669824,,,,,
2315,6 min,Animation Drama Family Short,The Tannery (2010),{},tt1669826,,,,,
2316,10 min,Action Adventure Animation History Mystery Short,The Thomas Beale Cipher (2010),{},tt1669827,,,,,
2317,10 min,Comedy Horror Short,Zombies Take the Schoolyard (2010),{},tt1669855,,,,,
2318,1 hr 21 min,Comedy,Bikini Royale 2 (2010),{},tt1670224,,,,,
2319,1 hr 26 min,Sci-Fi,Enemy Mind (2010),{},tt1670229,,,,,
2320,,Documentary,Hammond Meets Moss (2010),{},tt1670237,,,,,
2321,1 hr 42 min,Comedy Crime Music,The Infernal Comedy: Confessions of a Serial Killer (2010),{},tt1670270,,,,,
2322,23 min,Drama Mystery Sci-Fi Short Thriller,Unearthed (2010),{},tt1670363,,,,,
2323,40 min,Drama Mystery Thriller,Bright Falls (2010),{},tt1670375,,,,,
2324,56 min,Thriller,Level 26: Dark Prophecy (2010),{},tt1670382,,,,,
2325,1 hr 30 min,Drama,Act of Dishonour (2010),{},tt1670620,,,,,
2326,,Sport,Arsenal Season Review 2009/2010 (2010),{},tt1670625,,,,,
2327,23 min,Short,The Pizza Miracle (2010),{},tt1670711,,,,,
2328,1 hr 32 min,Action Comedy Thriller,Agave sorpresa (2010),{},tt1670929,,,,,
2329,15 min,Drama Sci-Fi Short Thriller,An Anomaly of the Theory (2010),{},tt1670933,,,,,
2330,26 min,Crime Drama Mystery Short,Children at Play (2010),{},tt1670961,,,,,
2331,1 hr 7 min,Documentary,Who Took the Bomp? Le Tigre on Tour (2010),{},tt1670992,,,,,
2332,13 min,Short Thriller,Get Off My Porch (2010),{},tt1671461,,,,,
2333,45 min,Documentary History,Mnemosyne (2010),{},tt1671473,,,,,
2334,30 min,Drama Fantasy Horror Short,Papier hier (2010),{},tt1671475,,,,,
2335,6 min,Comedy Short,Lost Masterpieces of Pornography (2010),{},tt1671504,,,,,
2336,1 hr 12 min,Drama Thriller,The Darkest Corner of Paradise (2010),{},tt1671509,,,,,
2337,1 hr 8 min,Biography Documentary,Through Korean Cinema (2010),{},tt1671522,,,,,
2338,19 min,Drama Family Fantasy Short,Without Wings (2010),{},tt1671531,,,,,
2339,1 hr 9 min,Comedy Drama Fantasy,Only Interstellar Pinball Lives Forever (2010),{},tt1671674,,,,,
2340,1 hr 35 min,Documentary Family News,Powerful: Energy for Everyone (2010),{},tt1671693,,,,,
2341,59 min,Comedy Documentary,Paul F. Tompkins: You Should Have Told Me (2010),{},tt1672099,,,,,
2342,1 hr 35 min,Adventure Documentary Drama History News Reality-TV,Problema (2010),{},tt1672104,,,,,
2343,1 hr 50 min,Documentary,Under the Scares (2010),{},tt1672133,,,,,
2344,15 min,Comedy Short,Over Coffee (2010),{},tt1672176,,,,,
2345,1 hr 36 min,Drama,Rain Down (2010),{},tt1672177,,,,,
2346,1 hr 15 min,Comedy,Busty Cops Go Hawaiian (2010),{},tt1672207,,,,,
2347,1 hr 15 min,Comedy,Busty Cops and the Jewel of Denial (2010),{},tt1672208,,,,,
2348,2 hr 1 min,Comedy Horror Romance,Broken Hearts (2010),{},tt1672613,,,,,
2349,1 hr 30 min,Documentary,This Prison Where I Live (2010),"{'Domestic': 3215, 'International': 3215}",tt1672861,"December 3, 2010 (Austria)",,,,
2350,9 min,Drama Short Thriller,Infliction (2010),{},tt1673401,,,,,
2351,1 hr 29 min,Biography Documentary Music,Love Shines (2010),{},tt1673418,,,,,
2352,1 hr 30 min,Drama Family Romance,Love/Loss (2010),{},tt1673419,,,,,
2353,5 min,Short,The High Level Bridge (2010),{},tt1673499,,,,,
2354,11 min,Drama Mystery Short,Tide (2010),{},tt1673530,,,,,
2355,1 hr 5 min,Documentary Family,Yellow Roses (2010),{},tt1673540,,,,,
2356,1 hr 26 min,Documentary Drama History,Outbreak: Anatomy of a Plague (2010),{},tt1673645,,,,,
2357,52 min,Documentary,Rentner GmbH (2008),{},tt1673663,,,,,
2358,1 hr 30 min,Biography Documentary Music,The Man of a Thousand Songs (2010),{},tt1673668,,,,,
2359,1 hr 20 min,Documentary,A Not So Still Life (2010),{},tt1674046,,,,,
2360,1 hr 36 min,Drama Horror Thriller,Abandoned Souls (2010),{},tt1674058,,,,,
2361,,Short,Metrô (2010),{},tt1674092,,,,,
2362,2 hr 2 min,Horror Thriller,Dark Hallways (2010),{},tt1674166,,,,,
2363,8 min,Drama Short Thriller,En Route (2010),{},tt1674180,,,,,
2364,1 hr 16 min,Horror Sci-Fi Thriller,The Corrupted (2010),{},tt1674197,,,,,
2365,1 hr 38 min,Biography Documentary Drama Sport,Marathon Boy (2010),{},tt1674246,,,,,
2366,1 hr 32 min,Documentary History,Cut Poison Burn (2010),{},tt1674260,,,,,
2367,1 hr 40 min,Drama Mystery,From Here to Timbuktu (2010),{},tt1674693,,,,,
2368,1 hr 15 min,Comedy Drama,Ivory Tower (2010),{},tt1674708,,,,,
2369,,Mystery Thriller,Luciana (2010),{},tt1674718,,,,,
2370,1 hr 38 min,Drama,Tumaini (2010),{},tt1674746,,,,,
2371,1 hr 35 min,Horror Sci-Fi Thriller,Ashes (2010),{},tt1674769,,,,,
2372,15 min,Comedy Drama Short,Socks and Cakes (2010),{},tt1675186,,,,,
2373,14 min,Comedy Horror Short,Caesar and Otto Meet Dracula's Lawyer (2010),{},tt1675288,,,,,
2374,1 hr 49 min,Family,Daniel's Lot (2010),{},tt1675291,,,,,
2375,1 hr 29 min,Drama,Lies in Plain Sight (2010),{},tt1675312,,,,,
2376,1 hr 30 min,Comedy,The Big Picture (2010),{},tt1675314,,,,,
2377,4 min,Drama Short Thriller,Despair (2010),{},tt1675431,,,,,
2378,1 hr 46 min,Documentary,The 12 Biggest Lies (2010),{},tt1675733,,,,,
2379,1 hr 30 min,Action Horror Thriller,The Maze (2010),{},tt1675758,,,,R,
2380,4 min,Comedy Short,"Wax on, Fuck Off (2010)",{},tt1675763,,,,,
2381,2 hr 1 min,Drama Mystery,Checkmate (2010),{},tt1675846,,,,,
2382,3 min,Animation Comedy Family Short,Coyote Falls (2010),{},tt1675852,,,,,
2383,8 min,Sci-Fi Short,Dark Matters (2010),{},tt1675856,,,,,
2384,12 min,Comedy Family Romance Short,Search for the World's Best Indian Taco (2010),{},tt1676200,,,,,
2385,2 hr,Drama,Infiltration (2010),{},tt1676681,,,,,
2386,1 hr 25 min,Action Comedy Documentary Sport,This Wrestling Life (2010),{},tt1677050,,,,,
2387,1 hr 41 min,Drama Mystery Sci-Fi Thriller,Andante (2010),{},tt1677514,,,,,
2388,36 min,Animation Family Short,Hermie and Friends: Antonio Meets His Match (2010),{},tt1677545,,,,,
2389,,Horror,The Apparition of Roxanne (2010),{},tt1677609,,,,,
2390,5 min,Adventure Animation Drama Short Western,Chief Serenbe (2010),{},tt1677673,,,,,
2391,1 hr 14 min,Animation,The Nutcrackers (2010),"{'Domestic': 508079, 'International': 508079}",tt1677709,"October 29, 2010 (Spain)",,,G,
2392,17 min,Drama History Short,8 mm (2010),{},tt1678036,,,,,
2393,1 hr 44 min,Drama,Look at Me Again (2010),{},tt1679226,,,,,
2394,1 hr 21 min,Biography Documentary,Questions for Crazy Horse (2010),{},tt1679270,,,,,
2395,4 min,Drama Short,Rope (2010),{},tt1679278,,,,,
2396,20 min,Drama Family Short Thriller,Say Grace Before Drowning (2010),{},tt1679283,,,,,
2397,1 hr 10 min,Action Animation Fantasy Sci-Fi War,"Ultramarines: A Warhammer 40,000 Movie (2010)",{},tt1679332,,,,R,
2398,18 min,Comedy Short,When the Wind Changes (2010),{},tt1679343,,,,,
2399,1 hr 35 min,Biography Documentary,Rock Hudson: Dark and Handsome Stranger (2010),{},tt1679657,,,,,
2400,1 hr 34 min,Drama,Bardsongs (2010),{},tt1680055,,,,,
2401,1 hr 40 min,Comedy,Monster Heroes (2010),{},tt1680101,,,,,
2402,6 min,Animation Drama Fantasy Short,Choke (2011),{},tt1680696,,,,,
2403,40 min,Biography Documentary History News Short,Life in Perpetual Beta (2010),{},tt1682930,,,,,
2404,8 min,Crime Drama Short,The Binding of Ishmael (2010),{},tt1682960,,,,,
2405,1 hr,Documentary,The New Kings of Nigeria (2010),{},tt1682990,,,,,
2406,2 hr 11 min,Drama,The Tempest (2010),"{'Domestic': 73126, 'International': 73126}",tt1683003,"November 29, 2012 (Australia)",,,,
2407,10 min,Animation Drama Short,Turning (2010),{},tt1683017,,,,,
2408,36 min,Biography Documentary News Short,Feeding the Brain (2010),{},tt1683415,,,,,
2409,1 hr 1 min,Adventure Comedy Fantasy Sci-Fi,Hank Danger and the Space Mummy's Tomb! (2009),{},tt1683427,,,,,
2410,1 hr 35 min,Documentary Fantasy,Paul McCartney Really Is Dead: The Last Testament of George Harrison (2010),{},tt1683472,,,,,
2411,17 min,Action Drama Short Thriller,Unsecured Loan II (2010),{},tt1683515,,,,,
2412,1 hr 30 min,Documentary,Happy People: A Year in the Taiga (2010),"{'Domestic': 338987, 'International': 338987}",tt1683876,"January 25, 2013 (Domestic)",Music Box Films,10481.0,,
2413,,Music,Korn: Close Encounters of the Korn Kind (2010),{},tt1683884,,,,,
2414,1 hr 30 min,Comedy Music,Reggie Watts: Why $#!+ So Crazy? (2010),{},tt1683941,,,,,
2415,1 hr 35 min,Horror Thriller,Territories (2010),{},tt1683970,,,,,
2416,1 hr,Adventure Animation Family Fantasy,Thomas & Friends: Misty Island Rescue (2010),"{'Domestic': 175885, 'International': 175885}",tt1683981,"April 21, 2011 (Hong Kong)",,,,
2417,57 min,Documentary,Unlisted: A Story of Schizophrenia (2010),{},tt1683984,,,,,
2418,1 hr 55 min,Drama,Cache Girl Saves the World: A Novel in Visions (2010),{},tt1684623,,,,,
2419,1 hr 19 min,Biography Crime Documentary Drama,Claudia (2010),{},tt1684629,,,,,
2420,6 min,Action Animation Short,Cosmic Jungle (2010),{},tt1684636,,,,,
2421,29 min,Drama Short,Dürä..! (2010),{},tt1684664,,,,,
2422,1 hr 48 min,Comedy Drama Romance,Breaking Up Is Hard to Do (2010),{},tt1684868,,,,,
2423,39 min,Documentary Short,Killing in the Name (2010),{},tt1684897,,,,,
2424,1 hr 11 min,Biography Documentary,Loving Sophia (2010),{},tt1684901,,,,,
2425,1 hr 24 min,Comedy Drama Horror Mystery Thriller,My Super Psycho Sweet 16: Part 2 (2010),{},tt1684915,,,,,
2426,18 min,Comedy Drama Short,Noreen (2010),{},tt1684917,,,,,
2427,1 hr 29 min,Drama,One Angry Juror (2010),{},tt1684921,,,,,
2428,1 hr 30 min,Action Comedy Family Romance Sci-Fi,Te presento a Laura (2010),"{'Domestic': 2206942, 'International': 2206942}",tt1684928,"October 29, 2010 (Mexico)",,,,
2429,1 hr 15 min,Biography Drama History,The Road to Coronation Street (2010),{},tt1685518,,,,,
2430,,Drama,Ang paglilitis ni Andres Bonifacio (2010),{},tt1686015,,,,,
2431,1 hr 59 min,Action Drama,Act of Vengeance (2010),"{'Domestic': 23423390, 'International': 23423390}",tt1686039,"November 4, 2010 (Germany)",,,,
2432,1 hr 15 min,Drama,Ways of the Sea (2010),{},tt1686047,,,,,
2433,,Comedy Drama,Two Funerals (2010),{},tt1686124,,,,,
2434,1 hr 21 min,Comedy Horror Mystery Thriller,Abnormal Activity (2010),{},tt1686303,,,,,
2435,1 hr 40 min,Drama Mystery Thriller,Inferno (2010),"{'Domestic': 530398, 'International': 530398}",tt1686470,"September 17, 2010 (Vietnam)",,,,
2436,1 hr 38 min,Drama,Cul de sac (2010),{},tt1686664,,,,,
2437,1 hr 34 min,Drama Romance,Love & Distrust (2010),{},tt1686782,,,,R,
2438,,Drama,Obama Anak Menteng (2010),{},tt1686786,,,,,
2439,1 hr 44 min,Drama Family Romance,Tango with Me (2010),"{'Domestic': 7943, 'International': 7943}",tt1686795,"August 24, 2012 (United Kingdom)",,,,
2440,50 min,Drama Romance,The Song of Lunch (2010),{},tt1686812,,,,,
2441,,Family,Chanukah: The Missing Menorah (2010),{},tt1687096,,,,,
2442,1 hr 39 min,Drama Horror Romance,Song of the Shattered (2010),{},tt1687280,,,,,
2443,1 hr 30 min,Drama,Come on Eileen (2010),{},tt1687858,,,,,
2444,1 hr 30 min,Crime Mystery Thriller,Dead Lines (2010),{},tt1687861,,,,,
2445,1 hr 40 min,Comedy Drama Romance,The Anatomy of Love (2010),{},tt1687900,,,,,
2446,26 min,Drama Short Thriller,The Confession (2010),{},tt1687903,,,,,
2447,28 min,Drama Family Short Thriller,You Will Rest in Peace (2010),{},tt1687944,,,,,
2448,15 min,Drama Short,Zero (2010),{},tt1687945,,,,,
2449,1 hr 10 min,Documentary,Rainmakers (2010),{},tt1688074,,,,,
2450,1 hr 52 min,Drama,Saadhyam (2010),{},tt1688200,,,,,
2451,1 hr 8 min,Mystery,Bipedality (2010),{},tt1688420,,,,,
2452,1 hr 25 min,Horror,666 (2010),{},tt1690097,,,,,
2453,1 hr 10 min,Drama,The Trials of Mister Serapio (2010),{},tt1690103,,,,,
2454,1 hr 24 min,Comedy Musical Romance,Fishnet (2010),{},tt1690120,,,,,
2455,34 min,Comedy Documentary Horror Mystery Short,Legend of the Shoe Man (2010),{},tt1690183,,,,,
2456,,Drama,Magdamag (2010),{},tt1690194,,,,,
2457,,Drama,MKAK (2010),{},tt1690199,,,,,
2458,,Drama Short,P (2010),{},tt1690208,,,,,
2459,1 hr 32 min,Drama,Reviving Ophelia (2010),{},tt1690215,,,,,
2460,2 hr,Drama,Sheika (2010),{},tt1690235,,,,,
2461,57 min,Documentary History,We Can Shine: From Institutions to Independence (2010),{},tt1690391,,,,,
2462,,Documentary,To Age or Not to Age (2010),{},tt1690536,,,,,
2463,1 hr 25 min,Romance,Dewitt & Maria (2010),{},tt1690541,,,,,
2464,1 hr 39 min,Adventure Comedy Crime Horror Sci-Fi Thriller,All American Zombie Drugs (2010),{},tt1690545,,,,,
2465,20 min,Comedy Short,Geisho (2010),{},tt1690962,,,,,
2466,1 hr 29 min,Comedy Family,The Dog Who Saved Christmas Vacation (2010),{},tt1691012,,,,PG,
2467,16 min,Action Comedy History Short,The Duel at Blood Creek (2010),{},tt1691127,,,,,
2468,5 min,Horror Short,Waffle (2010),{},tt1691143,,,,,
2469,1 hr 25 min,Crime Drama Horror,Saving Grace (2010),{},tt1691149,,,,,
2470,1 hr 26 min,Documentary Sport,Out of the Ashes (2010),{},tt1691334,,,,,
2471,45 min,Adventure Animation Comedy Sci-Fi,Robot Chicken: Star Wars III (2010),{},tt1691338,,,,,
2472,12 min,Short Thriller,The Billabong (2010),{},tt1691421,,,,,
2473,13 min,Comedy Horror Short,The House That Drips Blood on Alex (2010),{},tt1691424,,,,,
2474,10 min,Adventure Comedy Fantasy Short,The Sobering Adventures of Captain Awesome! (2010),{},tt1691432,,,,,
2475,1 hr 20 min,Horror,Plastic (2011),{},tt1691450,,,,,
2476,1 hr 34 min,Drama,"Kisses, Chloe (2010)",{},tt1691864,,,,,
2477,,Comedy Drama History,La commedia di Amos Poe (2010),{},tt1691866,,,,,
2478,10 min,Action Drama Short Western,The Damage Done (2010),{},tt1691898,,,,,
2479,22 min,Short,Masculinity & Me (2010),{},tt1692088,,,,,
2480,2 hr 31 min,Comedy Drama Horror Mystery Sci-Fi Thriller,Cinco (2010),"{'Domestic': 1343554, 'International': 1343554}",tt1692185,"July 14, 2010 (Philippines)",,,,
2481,1 hr 16 min,Comedy Romance,Something Better Somewhere Else (2010),{},tt1692196,,,,R,
2482,11 min,Animation Sci-Fi Short,Stanley Pickle (2010),{},tt1692197,,,,,
2483,1 hr 27 min,Horror Thriller,Cold Creepy Feeling (2010),{},tt1692301,,,,,
2484,5 min,Comedy Drama Romance Short,Connect (2010),{},tt1692305,,,,,
2485,,Crime Documentary,Marijuana (2010),{},tt1692589,,,,,
2486,1 hr 30 min,Drama,When Harvey Met Bob (2010),{},tt1692945,,,,,
2487,30 min,Biography Documentary Drama Short,While Women Weep (2010),{},tt1692946,,,,,
2488,41 min,Documentary News Short,Women Will Come: Feminists Redefining Pornography (2010),{},tt1692952,,,,,
2489,,Comedy Horror Short,Zombie Roadkill (2010),{},tt1692954,,,,,
2490,52 min,Biography Documentary,"Love, Janis (2010)",{},tt1693031,,,,,
2491,1 hr 30 min,Music,Jimmy Buffett & Friends: Live from the Gulf Coast (2010),{},tt1693696,,,,,
2492,1 hr 38 min,Documentary,Love History (2010),{},tt1693712,,,,,
2493,1 hr 32 min,Documentary News,March On (2013),{},tt1693725,,,,,
2494,2 min,Drama Fantasy Horror Short,Mockingbird (2010),{},tt1693752,,,,,
2495,16 min,Drama Family Short,Mokhtar (2010),{},tt1693755,,,,,
2496,8 min,Comedy Short,Ms. Thing (2010),{},tt1693761,,,,,
2497,9 min,Comedy Romance Short,No Deal (2010),{},tt1693793,,,,,
2498,9 min,Drama Short,Open Window (2010),{},tt1693821,,,,,
2499,2 hr 35 min,Documentary Drama,Paraboles (2010),{},tt1693834,,,,,
2500,1 hr 24 min,Drama,Reality Star (2010),{},tt1693867,,,,,
2501,1 hr 34 min,Drama Romance,Struggle (2010),{},tt1693953,,,,,
2502,11 min,Adventure Biography Documentary Short,Summer Snapshot (2010),{},tt1693956,,,,,
2503,1 hr 27 min,Documentary,Cool It (2010),"{'Domestic': 62713, 'International': 62713}",tt1694015,"November 12, 2010 (Domestic)",Roadside Attractions,26847.0,PG,
2504,1 hr 30 min,,Comedy Central Roast of David Hasselhoff (2010),{},tt1694505,,,,,
2505,1 hr 27 min,Action Adventure Thriller,2010: Moby Dick (2010),{},tt1694508,,,,,
2506,28 min,Drama Mystery Short Thriller,Until the River Runs Red (2010),{},tt1694573,,,,,
2507,1 hr 4 min,Biography Documentary,The Man Who Stopped the Desert (2010),{},tt1694580,,,,,
2508,2 hr,Music,Extreme: Take Us Alive (2010),{},tt1695327,,,,,
2509,10 min,Fantasy Short,West of the Moon (2010),{},tt1695425,,,,,
2510,7 min,Animation Horror Sci-Fi Short,White Room (2010),{},tt1695428,,,,,
2511,1 hr 24 min,Documentary Fantasy,Gateways to Faerie (2010),{},tt1695777,,,,,
2512,1 hr 44 min,Documentary,Life Happens (2010),{},tt1695791,,,,,
2513,1 hr 26 min,Comedy Drama,The Virginity Hit (2010),"{'Domestic': 636706, 'International': 636706}",tt1695994,"September 24, 2010 (Domestic)",Sony Pictures Entertainment (SPE),301885.0,R,2000000.0
2514,1 hr 15 min,Comedy Horror,Zombie Driftwood (2010),{},tt1696198,,,,,
2515,3 min,Drama Fantasy Short,Eclipse (2010),{},tt1696534,,,,,
2516,7 min,Comedy Short,Everybody Wants to Be Unique (2010),{},tt1696542,,,,,
2517,55 min,Biography Documentary Music,La faccia della Terra (2010),{},tt1696555,,,,,
2518,30 min,Drama History,Road to Emmaus (2010),{},tt1697073,,,,,
2519,10 min,Comedy Romance Short,Plots (2010),{},tt1697685,,,,,
2520,1 hr 33 min,Comedy,Subprime (2010),{},tt1697820,,,,,
2521,14 min,Drama Short,The Insurrectionists Progression (2010),{},tt1697835,,,,,
2522,7 min,Animation Comedy Documentary Fantasy Short,La fête (2010),{},tt1698528,,,,,
2523,10 min,Comedy Romance Short,The Second Bakery Attack (2010),{},tt1698579,,,,,
2524,1 hr 12 min,Horror,Sparrow (2010),{},tt1698656,,,,,
2525,45 min,Documentary History,7 Wonders of the Solar System (2010),{},tt1699090,,,,,
2526,10 min,Drama Short,Green Crayons (2010),{},tt1699129,,,,,
2527,13 min,Drama Short,A Crossroad Called Manzanar (2010),{},tt1699176,,,,,
2528,15 min,Comedy Short,Armandino e il madre (2010),{},tt1699177,,,,,
2529,7 min,Comedy Short,Come un soffio (2010),{},tt1699178,,,,,
2530,1 hr 47 min,Crime Drama Mystery,Haiti Cherie: Wind of Hope (2010),{},tt1699186,,,,,
2531,,Sci-Fi,The Final Alien Files (2010),{},tt1699189,,,,,
2532,40 min,Documentary Short,The Potemkin League (2010),{},tt1699198,,,,,
2533,1 hr 26 min,Comedy,Backwash (2010),{},tt1699205,,,,,
2534,1 hr 37 min,Horror,Hell Is Full (2010),{},tt1699223,,,,,
2535,1 hr 34 min,Comedy,A Spanking in Paradise (2010),{},tt1699479,,,,,
2536,1 hr 23 min,Documentary,!Women Art Revolution (2010),"{'Domestic': 52681, 'International': 52681}",tt1699720,"June 1, 2011 (Domestic)",Zeitgeist Films,5791.0,,
2537,,Drama,Darang (2010),{},tt1700456,,,,,
2538,1 hr 4 min,Comedy,Bobby Slayton: Born to Be Bobby (2010),{},tt1700744,,,,,
2539,13 min,Drama Romance Short,Colette (2010),{},tt1700768,,,,,
2540,1 hr 21 min,Documentary Drama,Foreign Parts (2010),{},tt1700810,,,,,
2541,1 hr 14 min,Comedy,Steve Byrne: The Byrne Identity (2010),{},tt1700843,,,,,
2542,1 hr 28 min,Documentary History,The Real Face of Jesus? (2010),{},tt1700846,,,,,
2543,,Documentary,The Volcano That Stopped Britain (2010),{},tt1701183,,,,,
2544,25 min,Action Adventure Animation Fantasy Sci-Fi Short,Superman/Shazam!: The Return of Black Adam (2010),{},tt1701223,,,,,
2545,1 hr 30 min,Documentary,Jaws: The Inside Story (2010),{},tt1701999,,,,,
2546,1 hr 15 min,Action Comedy Horror,The Maniac Project (2010),{},tt1702399,,,,,
2547,21 min,Action Animation Comedy Family Short,Kung Fu Panda Holiday (2010),{},tt1702433,,,,,
2548,1 hr 38 min,Documentary,The Big Uneasy (2010),{},tt1702441,,,,,
2549,1 hr,Comedy Documentary,Katt Williams: 9 Lives (2010),{},tt1703236,,,,,
2550,1 hr 30 min,Documentary,Concorde's Last Flight (2010),{},tt1703806,,,,,
2551,6 min,Comedy Drama Short,Man in a Room (2010),{},tt1703831,,,,,
2552,1 hr 13 min,Documentary,WW1: Finding the Lost Battalions (2010),{},tt1703846,,,,,
2553,1 hr 1 min,Comedy,3 Non Juans (2010),{},tt1703909,,,,,
2554,1 hr 31 min,Drama Mystery Romance,Pulsar (2010),"{'Domestic': 29825, 'International': 29825}",tt1703919,"January 19, 2011 (Belgium)",,,,
2555,,Biography,Bloodlines (2010),{},tt1703927,,,,,
2556,1 hr 31 min,Comedy,Schuks Tshabalala's Survival Guide to South Africa (2010),"{'Domestic': 5194418, 'International': 5194418}",tt1703942,"May 28, 2010 (South Africa)",,,,
2557,1 hr 35 min,Horror,Frankenstein Rising (2010),{},tt1704143,,,,,
2558,1 hr 33 min,Drama,Consinsual (2010),{},tt1704578,,,,R,
2559,9 min,Action Adventure Animation Music Short,Heart (2010),{},tt1704594,,,,,
2560,1 hr 15 min,Adventure Documentary Drama Music,"Agadez, the Music and the Rebellion (2010)",{},tt1704686,,,,,
2561,1 hr 42 min,Biography Documentary History Sport,Pony Excess (2010),{},tt1704731,,,,,
2562,5 min,Comedy Short,The Quest for TP (2010),{},tt1705061,,,,,
2563,1 hr,Documentary,The Unforgettable Bob Monkhouse (2010),{},tt1705066,,,,,
2564,11 min,Crime Horror Short Thriller,Trader Jack (2010),{},tt1705076,,,,,
2565,3 hr 19 min,Comedy Documentary,Kevin Smith: Too Fat for 40! (2010),{},tt1705115,,,,,
2566,1 hr 1 min,Comedy,Kevin Pollak: The Littlest Suspect (2010),{},tt1705116,,,,,
2567,1 hr,Comedy,Michael McDonald: Model Citizen (2010),{},tt1705123,,,,,
2568,42 min,Documentary,My Mic Sounds Nice: A Truth About Women and Hip Hop (2010),{},tt1705124,,,,,
2569,1 hr 31 min,Adventure Fantasy Horror Sci-Fi,Jules Verne's Mysterious Island (2010),{},tt1705125,,,,,
2570,24 min,Sci-Fi Short,Robin: The Story of Dick Grayson (2010),{},tt1705130,,,,,
2571,11 min,Documentary History Short,Love Exiled (2010),{},tt1705770,,,,,
2572,1 hr 28 min,Action Adventure Comedy Horror Sci-Fi Thriller,Mega Shark vs. Crocosaurus (2010),{},tt1705773,,,,R,
2573,1 hr 30 min,Comedy Sport,Tetherball: The Movie (2010),{},tt1705787,,,,,
2574,2 hr 22 min,Documentary,The Hand of the Butterfly (2010),{},tt1705891,,,,,
2575,1 hr 13 min,Horror,The Feed (2010),{},tt1705956,,,,,
2576,10 min,Short,(Casi) Todo por placer (2010),{},tt1706288,,,,,
2577,1 hr 25 min,Mystery Romance,Four W4lls (2010),{},tt1706327,,,,,
2578,22 min,Short,Dorsal (2010),{},tt1706348,,,,,
2579,1 hr 29 min,Comedy,La mano de Satán (2010),{},tt1706419,,,,,
2580,1 hr,Documentary,Homeless: The Motel Kids of Orange County (2010),{},tt1706603,,,,,
2581,5 min,Mystery Short,Late (2010),{},tt1706608,,,,,
2582,,Comedy,Alabama (2010),{},tt1706627,,,,,
2583,47 min,Documentary,In the Wake of the Flood (2010),{},tt1706684,,,,,
2584,1 hr 30 min,Documentary History,The Nine Muses (2010),"{'Domestic': 11127, 'International': 11127}",tt1706701,"January 20, 2012 (United Kingdom)",,,,
2585,1 hr 37 min,Horror Sci-Fi,It Came for Friendship But Found Food (2010),{},tt1707227,,,,,
2586,52 min,Documentary,"Michel Ciment, le cinéma en partage (2010)",{},tt1707243,,,,,
2587,1 hr 16 min,Biography Documentary,Where the Streets Have No Name (2010),{},tt1707284,,,,,
2588,1 hr,Comedy,Pride: The Gay & Lesbian Comedy Slam (2010),{},tt1707387,,,,,
2589,24 min,Drama Short,Amen (2010),{},tt1708376,,,,,
2590,43 min,Horror Sci-Fi Short Thriller,Anthology of Terror: Prelude (2010),{},tt1709094,,,,,
2591,1 hr 23 min,Documentary News,Cowboys in Paradise (2009),{},tt1709101,,,,,
2592,11 min,Drama Family Short,Grand Cru (2010),{},tt1709113,,,,,
2593,1 hr 11 min,Documentary Drama,Is She or Isn't He? (2010),{},tt1709125,,,,,
2594,4 min,Comedy Drama Mystery Short,The Gathering (2010),{},tt1709150,,,,,
2595,2 min,Biography Documentary Drama Short,The Elevator Manager of the Empire State Building (2010),{},tt1710273,,,,,
2596,20 min,Short,Últimos pasajeros (2010),{},tt1710518,,,,,
2597,2 hr 47 min,Comedy,Shakespeare's Globe: Love's Labour's Lost (2010),{},tt1710580,,,,,
2598,1 hr 20 min,Documentary Drama History,Contract Docudrama (2010),{},tt1710957,,,,,
2599,1 hr 30 min,Horror Sci-Fi,Bikini Monsters (2010),{},tt1711447,,,,,
2600,,Drama,Em Pillo Em Pillado (2010),{},tt1711472,,,,,
2601,1 hr 27 min,Action Drama,Petty Cash (2010),{},tt1711493,,,,,
2602,2 hr 51 min,Drama,Shakespeare's Globe: Romeo and Juliet (2010),{},tt1711498,,,,,
2603,27 min,Horror Mystery Short Thriller,The Boogeyman (2010),{},tt1711501,,,,,
2604,1 hr 31 min,Documentary,100 Voices: A Journey Home (2010),{},tt1712005,,,,,
2605,3 min,Animation Comedy Family Short,Bridge (2010),{},tt1712014,,,,,
2606,1 hr,Documentary,Louis Theroux: The City Addicted to Crystal Meth (2009),{},tt1712046,,,,,
2607,1 hr 5 min,Documentary History,Sly Artistic City (2010),{},tt1712094,,,,,
2608,1 hr 19 min,Comedy Fantasy Music,Malice in Wonderland: The Dolls Movie (2010),{},tt1712127,,,,,
2609,2 min,Horror Short,Ovum (2010),{},tt1712133,,,,,
2610,4 min,Animation Horror Sci-Fi Short,MutantLand (2010),{},tt1712203,,,,,
2611,45 min,Comedy Drama Romance,Out of Focus (2010),{},tt1712215,,,,,
2612,1 hr 47 min,Comedy Family Romance,4 Madu (2010),{},tt1712503,,,,,
2613,1 hr 39 min,Comedy Drama Sport,Flying Pigs (2010),"{'Domestic': 1898456, 'International': 1898456}",tt1712570,"November 5, 2010 (Poland)",,,,
2614,1 hr 35 min,Drama Romance,Strapped (2010),{},tt1712573,,,,,
2615,1 hr 35 min,Horror,Half Moon (2010),{},tt1713452,,,,,
2616,1 hr 30 min,Crime Drama,The Rally (2010),{},tt1713547,,,,PG-13,
2617,,Documentary Family,Cuba: The Accidental Eden (2010),{},tt1713799,,,,,
2618,14 min,Drama Romance Short,Crossword (2010),{},tt1714020,,,,,
2619,1 hr 24 min,Adventure Comedy Romance,The Adventures of Fiyah Dog (2010),{},tt1714121,,,,,
2620,1 hr 12 min,Comedy Documentary,Kevin Hart: Seriously Funny (2010),{},tt1714196,,,,,
2621,33 min,Short,Le rescapé (2010),{},tt1714673,,,,,
2622,2 hr 30 min,Documentary,Qu'ils reposent en révolte (Des figures de guerre) (2010),"{'Domestic': 934, 'International': 934}",tt1714703,"July 12, 2012 (Argentina)",,,,
2623,1 hr 52 min,Comedy Drama,The Beekeepers (2010),{},tt1714743,,,,,
2624,13 min,Crime Drama Short,White Other (2010),{},tt1714761,,,,,
2625,3 min,Animation Comedy Family Short,Fur of Flying (2010),{},tt1714841,,,,,
2626,1 hr 55 min,Biography Documentary Music,LennoNYC (2010),{},tt1714861,,,,,
2627,3 min,Animation Comedy Family Short,Rabid Rider (2010),{},tt1714889,,,,,
2628,1 hr 41 min,Documentary,Robinson in Ruins (2010),"{'Domestic': 22845, 'International': 22845}",tt1714893,"November 26, 2010 (United Kingdom)",,,,
2629,13 min,Horror Short,The Picture in the House (2010),{},tt1715220,,,,,
2630,1 hr 12 min,Biography Documentary,The Shaman & Ayahuasca: Journeys to Sacred Realms (2010),{},tt1715222,,,,,
2631,,Documentary,Collapse: Based on the Book by Jared Diamond (2010),{},tt1715324,,,,,
2632,1 hr 9 min,Comedy,Orny Adams: Takes the Third (2010),{},tt1715338,,,,,
2633,1 hr 20 min,Horror,Stiff (2010),{},tt1715348,,,,,
2634,1 hr 8 min,Adventure,Mexicali (2010),{},tt1715718,,,,,
2635,1 hr 31 min,Horror Mystery Thriller,For One Night Only (2010),{},tt1715769,,,,,
2636,1 hr 24 min,Drama,Gesher (2010),{},tt1715780,,,,,
2637,1 hr 30 min,Drama Family,Hopeville (2010),{},tt1715800,,,,,
2638,1 hr 25 min,Documentary Drama Family History,Keepers of the Light (2010),{},tt1715821,,,,,
2639,1 hr 15 min,Family,Sinterklaas en het pakjesmysterie (2010),"{'Domestic': 2227113, 'International': 2227113}",tt1715868,"October 14, 2010 (Netherlands)",,,,
2640,50 min,Family,The Incybers (2010),{},tt1716773,,,,,
2641,5 min,Drama Mystery Short,720 Degrees (2010),{},tt1717140,,,,,
2642,19 min,Crime Mystery Short Thriller,Der Doppelgänger (2010),{},tt1717145,,,,,
2643,1 hr 43 min,Comedy Drama,Shine Baby Shine (2010),{},tt1717208,,,,,
2644,1 hr 15 min,Horror Thriller,The Unforgiving (2010),"{'Domestic': 16743, 'International': 16743}",tt1717229,"August 20, 2010 (South Africa)",,,,
2645,,Documentary News,Death by Fire (2010),{},tt1717314,,,,,
2646,2 min,Comedy Short,Big Man's Pride (2010),{},tt1717577,,,,,
2647,1 hr 3 min,Documentary,Ward 54 (2010),{},tt1717740,,,,,
2648,53 min,Biography Documentary History Sport,Little Big Men (2010),{},tt1717745,,,,,
2649,5 min,Biography Documentary Short,131 Russ (2010),{},tt1718109,,,,,
2650,1 hr 32 min,Drama,A Windigo Tale (2010),{},tt1718117,,,,,
2651,9 min,Adventure Comedy History Short,Airfoiled (2010),{},tt1718119,,,,,
2652,30 min,Horror Short,Axed (2010),{},tt1718128,,,,,
2653,8 min,Animation Sci-Fi Short,To venner (2010),{},tt1718190,,,,,
2654,4 min,Animation Drama Fantasy Horror Short,A Long Distance Relationship (2010),{},tt1718713,,,,,
2655,1 hr,Biography Documentary Sport,Alex Higgins: The People's Champion (2010),{},tt1718719,,,,,
2656,19 min,Action Crime Drama Short,Black Red Yellow (2010),{},tt1718735,,,,,
2657,19 min,Drama Romance Short,Champagne (2010),{},tt1718750,,,,,
2658,2 hr 23 min,Comedy Drama Romance,"Moskva, ya lyublyu tebya! (2010)","{'Domestic': 1342584, 'International': 1342584}",tt1718837,"September 2, 2010 (EMEA, APAC)",,,,
2659,1 hr 20 min,Drama,The Scoundrel (2010),{},tt1718929,,,,,
2660,14 min,Short,Capture the Flag (2010),{},tt1719010,,,,,
2661,1 hr 47 min,Action Drama War,Flooding with Love for the Kid (2007),{},tt1719492,,,,,
2662,10 min,Biography Documentary Short,Mountain Man (2010),{},tt1719520,,,,,
2663,48 min,Drama,Night and Day (2010),{},tt1719543,,,,,
2664,1 hr 17 min,Documentary,Remembering Inninimowin (2010),{},tt1719607,,,,,
2665,1 hr 25 min,Action Horror Sci-Fi Thriller,Wendigo: Bound by Blood (2010),{},tt1719680,,,,,
2666,3 min,Animation Short,Fly (2010),{},tt1719692,,,,,
2667,1 hr 37 min,Adventure,A Stone's Throw Away (2010),{},tt1720040,,,,,
2668,1 hr 9 min,Documentary,Congo in Four Acts (2010),{},tt1720074,,,,,
2669,1 hr,Biography Documentary Drama History,Popa Wu: A 5% Story (2010),{},tt1720197,,,,,
2670,1 hr 31 min,Horror,Porkchop (2010),{},tt1720198,,,,,
2671,5 min,Mystery Short,Retrograde Premonition (2010),{},tt1720208,,,,,
2672,1 hr 30 min,Thriller,The Deadlines (2010),{},tt1720259,,,,,
2673,17 min,Animation Comedy Short,The External World (2010),{},tt1720261,,,,,
2674,1 hr 3 min,Documentary Musical,The Sound of Mumbai: A Musical (2010),{},tt1720275,,,,,
2675,1 hr 29 min,Documentary,"Jaffa, the Orange's Clockwork (2009)",{},tt1720949,,,,,
2676,1 hr 36 min,Documentary Drama,Pink Saris (2010),{},tt1721685,,,,,
2677,,Action Drama Fantasy Romance Sci-Fi,Steampunk (2010),{},tt1721688,,,,,
2678,1 hr 25 min,Documentary Music,The Promise: The Making of Darkness on the Edge of Town (2010),{},tt1721693,,,,,
2679,9 min,Animation Comedy Drama News Short,The Story of Cosmetics (2010),{},tt1722475,,,,,
2680,1 hr 5 min,Crime Drama,Unsolved Suburbia (2010),{},tt1722492,,,,,
2681,9 min,Comedy Drama Short,Surprise (2010),{},tt1722493,,,,,
2682,1 hr 30 min,Documentary,When Worlds Collide (2010),{},tt1722502,,,,,
2683,1 hr 19 min,Drama,State of Violence (2010),"{'Domestic': 7420, 'International': 7420}",tt1722517,"October 28, 2011 (South Africa)",,,,
2684,40 min,Documentary,Echoes of Creation (2010),{},tt1722537,,,,,
2685,1 hr 50 min,Adventure Documentary Family,Journey on the Wild Coast (2010),{},tt1722587,,,,,
2686,8 min,Documentary History Short,Last Day of the Republic (2010),{},tt1722592,,,,,
2687,1 hr 31 min,Documentary Drama,Lee Strasberg's Method (2010),{},tt1722596,,,,,
2688,48 min,Drama History,2048 (2010),{},tt1722612,,,,,
2689,50 min,Action Adventure Animation Comedy Crime Family Mystery,Tom and Jerry Meet Sherlock Holmes (2010),{},tt1722638,,,,,
2690,,Documentary,Sea Otters: A Million Dollar Baby (2010),{},tt1722916,,,,,
2691,15 min,Comedy Romance Short,How to Rid Your Lover of a Negative Emotion Caused by You! (2010),{},tt1723021,,,,,
2692,1 hr 30 min,Documentary,The Legend Still Lives: 30 Years of Madman (2010),{},tt1723055,,,,,
2693,13 min,Drama Short,The Westerner (2010),{},tt1723062,,,,,
2694,1 hr 38 min,Documentary Sport,Volley Tales (2010),{},tt1723066,,,,,
2695,19 min,Drama Short,We Will Make You Whole Again (2010),{},tt1723068,,,,,
2696,1 hr 48 min,Comedy,Jozi (2010),"{'Domestic': 110666, 'International': 110666}",tt1723602,"February 26, 2010 (South Africa)",,,,
2697,,Documentary,Boys of Fall (2010),{},tt1723614,,,,,
2698,5 min,Action Comedy Short,Uncle Jack (2010),{},tt1723617,,,,,
2699,15 min,Drama Short,Vannliljer i blomst (2010),{},tt1723618,,,,,
2700,1 hr 15 min,Horror,Tales of the Dead (2010),{},tt1723656,,,,,
2701,1 hr 35 min,Action Crime Drama Romance,Confession of a Gangster (2010),{},tt1723756,,,,,
2702,1 hr 23 min,Horror,Killer God (2010),{},tt1723799,,,,,
2703,53 min,Biography Documentary History Sport,Unmatched (2010),{},tt1724281,,,,,
2704,1 hr 29 min,Documentary,9/11 State of Emergency (2010),{},tt1724541,,,,,
2705,1 hr 10 min,Music,Blake Shelton Live: It's All About Tonight (2010),{},tt1724963,,,,,
2706,1 hr 30 min,Thriller,L'ombre du Mont-Saint-Michel (2010),{},tt1725020,,,,,
2707,17 min,Drama Short Thriller,Page 36 (2010),{},tt1725069,,,,,
2708,26 min,Adventure Animation Comedy Family Fantasy Horror,Scared Shrekless (2010),{},tt1725156,,,,,
2709,1 hr 43 min,Drama Romance Sport,Close to You (2010),"{'Domestic': 120121, 'International': 120121}",tt1725809,"June 24, 2016 (China)",,,,
2710,1 hr 8 min,Drama,Stuck on Broke (2010),{},tt1725822,,,,,
2711,9 min,Animation Comedy Drama Sci-Fi Short,The Eagleman Stag (2010),{},tt1725828,,,,,
2712,1 hr 13 min,Documentary,Timeless: The Composer/Arranger Series (Arthur Verocai) (2010),{},tt1725841,,,,,
2713,1 hr 13 min,Documentary,Timeless: The Composer/Arranger Series (Suite for Ma Dukes) (2010),{},tt1725842,,,,,
2714,1 hr 43 min,Family Musical Romance,Bright Lights & Promises (2010),{},tt1725872,,,,,
2715,1 hr 18 min,Comedy Drama Romance,Dead Frequency (2010),{},tt1725885,,,,,
2716,1 hr 19 min,Animation Family,Barbie: A Fashion Fairytale (2010),{},tt1725929,,,,,
2717,1 hr 18 min,Comedy,Broken Lizard Stands Up (2010),{},tt1725936,,,,,
2718,59 min,Drama,Excluded (2010),{},tt1726632,,,,,
2719,1 hr 7 min,Documentary,La belle journée (2010),{},tt1726673,,,,,
2720,1 hr 30 min,Comedy Romance,Snatch 'n' Grab (2010),{},tt1726758,,,,,
2721,1 hr 30 min,Biography History,Finding Fatima (2010),{},tt1726850,,,,,
2722,20 min,Drama Short,Hollow (2010),{},tt1727291,,,,,
2723,1 hr 34 min,Drama,Waterberry Tears (2010),{},tt1727390,,,,,
2724,14 min,Adventure Animation Drama Fantasy Short,Sintel (2010),{},tt1727587,,,,,
2725,1 hr 41 min,Biography Documentary,Winston Churchill: Walking with Destiny (2010),{},tt1727596,,,,,
2726,4 min,Action Short,Das Tub (2010),{},tt1727781,,,,,
2727,1 hr 27 min,Documentary Sport,Fire in Babylon (2010),"{'Domestic': 385451, 'International': 385451}",tt1727790,"May 20, 2011 (United Kingdom)",,,,
2728,13 min,Short,Hasta la punta de los dedos (2010),{},tt1727794,,,,,
2729,1 hr 30 min,Documentary,Tin Tan (2010),{},tt1727823,,,,,
2730,14 min,Drama Family Short,Down This Road (2010),{},tt1727884,,,,,
2731,16 min,Drama Short,El premio (2010),{},tt1728122,,,,,
2732,1 hr 30 min,Drama,Nika (2010),{},tt1728242,,,,,
2733,2 hr,Music Musical,Cirque du Soleil: Flowers in the Desert (2010),{},tt1728972,,,,,
2734,1 hr 28 min,Drama,Flatline (2010),{},tt1729196,,,,,
2735,,Documentary,X Prize Cars: Accelerating the Future (2010),{},tt1729245,,,,,
2736,1 hr 22 min,Adventure Documentary Mystery Sci-Fi,Adventures of an Earthling (2010),{},tt1729508,,,,,
2737,1 hr 24 min,Action Adventure Thriller,Emulation (2010),{},tt1729549,,,,,
2738,1 hr 17 min,Comedy Documentary News,The Clean Bin Project (2010),{},tt1729557,,,,,
2739,6 min,Music Short,The Sandpit (2010),{},tt1729571,,,,,
2740,1 hr 30 min,Drama,Come Rain Come Shine (2010),{},tt1729603,,,,,
2741,1 hr 30 min,Documentary History War,The Battle of Britain (2010),{},tt1729607,,,,,
2742,1 hr 15 min,Documentary,Mandelson: The Real PM? (2010),{},tt1729655,,,,,
2743,55 min,Documentary Sport,To Live & Ride in L.A. (2010),{},tt1729669,,,,,
2744,1 hr 17 min,Music,Jane's Addiction: Live Voodoo (2010),{},tt1730125,,,,,
2745,16 min,Horror Short,The Guest (2010),{},tt1730148,,,,,
2746,15 min,Comedy Drama Romance Short,Stag & Doe (2010),{},tt1730354,,,,,
2747,1 hr 45 min,Drama,2 Graves (2010),{},tt1730669,,,,,
2748,1 hr 28 min,Comedy,Milf (2010),{},tt1730704,,,,,
2749,52 min,Documentary,From Weepies to Chick Flicks (2010),{},tt1731142,,,,,
2750,1 hr 5 min,Documentary,Respira (2010),{},tt1731226,,,,,
2751,53 min,Biography Documentary Family,The Ball (2010),{},tt1731657,,,,,
2752,20 min,Drama Romance Short,The Day Everything Changes Between Us (2010),{},tt1731660,,,,,
2753,1 hr 28 min,Documentary,Nick Saban: Gamechanger (2010),"{'Domestic': 189000, 'International': 189000}",tt1731764,"August 27, 2010 (Domestic)",Flashlight Films,188786.0,,
2754,12 min,Short,Assessment (2010),{},tt1732556,,,,,
2755,33 min,Drama Short,Broken Crayons (2010),{},tt1732585,,,,,
2756,24 min,Drama Short,La Métropolitaine (2010),{},tt1732666,,,,,
2757,,Drama,Flamingo No. 13 (2010),{},tt1733133,,,,,
2758,2 hr,Drama Romance,Rosario (2010),{},tt1733275,,,,,
2759,27 min,Drama Horror Short,Récompence (2010),{},tt1733276,,,,,
2760,2 hr 1 min,Adventure Romance,Geronia: His Own Wide World (2010),{},tt1733451,,,,,
2761,9 min,Action Comedy Horror Short,Kidz (2010),{},tt1733526,,,,,
2762,32 min,Animation Horror Mystery Short Thriller,Liquid Memories (2010),{},tt1733564,,,,,
2763,1 hr 24 min,Action Adventure Comedy Fantasy Horror Sci-Fi Thriller,Triassic Attack (2010),{},tt1733732,,,,,
2764,1 hr 7 min,,Los carboneros (2010),{},tt1734104,,,,,
2765,2 hr 44 min,Comedy Horror,The Bloody Rage of Bigfoot (2010),{},tt1734121,,,,,
2766,1 hr 44 min,Drama,Third World Happy (2010),{},tt1734133,,,,,
2767,1 hr 23 min,Documentary,Cash Crop (2010),{},tt1734416,,,,,
2768,37 min,Documentary Short,Guide to the Flipside of British Cinema (2010),{},tt1734438,,,,,
2769,1 hr 30 min,Drama Sport,Happyland (2010),{},tt1734439,,,,,
2770,1 hr 24 min,Documentary,Public Speaking (2010),"{'Domestic': 62173, 'International': 62173}",tt1734477,"February 23, 2011 (Domestic)",Rialto Pictures,6260.0,,
2771,53 min,Biography Documentary History Sport,Four Days in October (2010),{},tt1734593,,,,,
2772,2 hr,Drama,Concrete Canyons (2010),{},tt1735181,,,,,
2773,1 hr 6 min,Comedy,Janeane Garofalo: If You Will - Live in Seattle (2010),{},tt1735196,,,,,
2774,45 min,Documentary History,Dark Future of the Sun (2010),{},tt1735268,,,,,
2775,11 min,Drama Music Romance Short,Brink (2011),{},tt1735314,,,,,
2776,1 hr 32 min,Drama Horror Mystery,Empty Rooms (2012),{},tt1735350,,,,,
2777,1 hr 35 min,Thriller,Esoterica (2010),{},tt1735354,,,,,
2778,2 min,Comedy Short,Dirty Dancing 3: Capoeira Nights (2010),{},tt1735418,,,,,
2779,1 hr 21 min,Comedy,Coronation Street: A Knight's Tale (2010),{},tt1735854,,,,,
2780,51 min,Documentary,Into the Wind (2010),{},tt1735870,,,,,
2781,12 min,Comedy Drama Short,Love at First Sight (2010),{},tt1735878,,,,,
2782,1 hr 38 min,Biography Documentary History,"Guru: Bhagwan, His Secretary & His Bodyguard (2010)","{'Domestic': 82718, 'International': 82718}",tt1735976,"September 23, 2010 (Germany)",,,,
2783,1 hr 25 min,Biography Crime Documentary History,Last Man Standing (2010),{},tt1736017,,,,,
2784,1 hr 31 min,Horror,Death Hunter (2010),{},tt1736251,,,,R,
2785,6 min,Adventure Animation Family Fantasy Short,Tick Tock Tale (2015),{},tt1736313,,,,,
2786,2 hr 4 min,Documentary,Che: A New Man (2010),"{'Domestic': 166884, 'International': 166884}",tt1736558,"October 7, 2010 (Argentina)",,,,
2787,1 hr 25 min,Thriller,Dead Enders (2010),{},tt1736568,,,,,
2788,1 hr 20 min,Thriller,El criminal (2010),{},tt1736572,,,,,
2789,1 hr 58 min,Biography Documentary Sci-Fi,Let There Be Light: The Odyssey of Dark Star (2010),{},tt1736611,,,,,
2790,9 min,Drama Short,Release the Flying Monkeys (2010),{},tt1736643,,,,,
2791,1 hr 25 min,Drama,Stolen (2010),{},tt1736648,,,,,
2792,29 min,Comedy Short,The Filming of Shakey Willis (2010),{},tt1736653,,,,,
2793,1 hr 26 min,Drama,A Different Corner (2010),{},tt1737071,,,,,
2794,1 hr 36 min,Documentary History News,AbUSed: The Postville Raid (2011),{},tt1737082,,,,,
2795,45 min,Music,Lighthouses of the Pacific Northwest (2010),{},tt1737210,,,,,
2796,47 min,Horror,Saturday Nightmares: The Ultimate Horror Expo of All Time! (2010),{},tt1737240,,,,,
2797,1 hr 34 min,Biography Drama Sport,The Chief (2010),{},tt1737253,,,,,
2798,1 hr 5 min,Comedy,Yanoosak (2010),"{'Domestic': 16895, 'International': 16895}",tt1737268,"October 21, 2010 (Lebanon)",,,,
2799,52 min,Documentary Drama,Melissa Mom and Me (2010),{},tt1737598,,,,,
2800,5 min,Documentary Drama News Short,No More Lies (2010),{},tt1737634,,,,,
2801,18 min,Drama Short,Salvation Road (2010),{},tt1737714,,,,,
2802,13 min,Drama Short,Shoe (2010),{},tt1737731,,,,,
2803,5 min,Animation Family Short,The Windmill Farmer (2010),{},tt1737782,,,,,
2804,1 hr 19 min,Biography Documentary History Sport,Once Brothers (2010),{},tt1738398,,,,,
2805,1 hr 58 min,Documentary History Sport,The Tenth Inning: Top of the Tenth (2010),{},tt1738421,,,,,
2806,7 min,Comedy Short,Welcome to the Jungle Gym (2010),{},tt1739266,,,,,
2807,3 min,Comedy Drama Horror Short,Who Is Landyn Banx? (2010),{},tt1739268,,,,,
2808,7 min,Drama Horror Short,One Night Stand (2010),{},tt1739300,,,,,
2809,7 min,Action Animation Short,8 Bits (2010),{},tt1739993,,,,,
2810,1 hr 34 min,Crime Drama Thriller,Charlie Casanova (2011),"{'Domestic': 5401, 'International': 5401}",tt1740091,"May 11, 2012 (United Kingdom)",,,,
2811,15 min,Comedy Drama Romance Short,Disco (2010),{},tt1740104,,,,,
2812,10 min,Adventure Animation Fantasy Mystery Short,Monarda (2010),{},tt1740138,,,,,
2813,23 min,Drama Short,A History of Mutual Respect (2010),{},tt1740658,,,,,
2814,2 hr 3 min,Comedy Drama,Benny and Babloo (2010),{},tt1740662,,,,,
2815,2 hr,Comedy Drama,Dus Tola (2010),{},tt1740670,,,,,
2816,1 hr 33 min,Horror,Terror Nation (2010),{},tt1740692,,,,,
2817,1 hr 11 min,Biography Documentary Sport,Focus: A Documentary (2010),{},tt1740730,,,,,
2818,14 min,Comedy Short,Gaysharktank.com (2010),{},tt1740739,,,,,
2819,1 hr 21 min,Drama Romance,Good Night Good Morning (2010),{},tt1740745,,,,,
2820,1 hr 24 min,Horror Thriller,House Swap (2010),{},tt1740762,,,,,
2821,46 min,Biography Documentary Mystery,Hypothesis (2010),{},tt1740766,,,,,
2822,1 hr 41 min,Action Adventure Thriller,KingBreaker (2010),{},tt1740788,,,,,
2823,1 hr 22 min,Documentary Family History Mystery,Kundalini (2010),{},tt1740790,,,,,
2824,1 hr 16 min,Biography Documentary History,Lesson Plan (2010),{},tt1740801,,,,,
2825,1 hr 40 min,Drama War,Afghan Hound (2010),{},tt1741605,,,,,
2826,11 min,Drama Family Short,Brussels (2010),{},tt1741617,,,,,
2827,1 hr 42 min,Documentary Sport,Wintervention (2010),"{'Domestic': 301015, 'International': 301015}",tt1741682,"May 26, 2011 (Australia)",,,,
2828,2 hr 10 min,Biography Documentary Music,Wu-Tang Saga (2010),{},tt1741683,,,,,
2829,50 min,Documentary,Spitfire Sisters (2010),{},tt1741711,,,,,
2830,1 hr 12 min,Biography Documentary,Mom's Home (2010),{},tt1742074,,,,,
2831,1 hr 30 min,Documentary Music Musical,Music from the Big House (2010),{},tt1742081,,,,,
2832,8 min,Documentary Short,Pigs (2010),{},tt1742119,,,,,
2833,1 hr 41 min,History Horror Thriller,The Manifesto (2010),{},tt1743248,,,,,
2834,1 hr 50 min,Drama,Universo Servilleta (2010),{},tt1743259,,,,,
2835,2 hr 7 min,Comedy,Pappu (2010),{},tt1743354,,,,,
2836,1 hr 28 min,Horror Thriller,10 Days to Die (2010),{},tt1743906,,,,,
2837,42 min,Documentary Drama News Short,Gold Farmers (2010),{},tt1743932,,,,,
2838,1 hr 29 min,Biography Documentary,Kill All Redneck Pricks: A Documentary Film about a Band Called KARP (2011),{},tt1743941,,,,,
2839,57 min,Biography Documentary,Papa Mau (2010),{},tt1743953,,,,,
2840,9 min,Comedy Drama Short,Bukowski (2010),{},tt1744583,,,,,
2841,1 hr 34 min,Comedy,Everywhere (2010),{},tt1744595,,,,,
2842,4 min,Animation Documentary News Short,Heliotropes (2010),{},tt1744608,,,,,
2843,1 hr 31 min,,Hostage: Criminal Implication (2010),{},tt1744609,,,,R,
2844,15 min,Adventure Comedy Documentary Drama Short,Into the Middle of Nowhere (2010),{},tt1744612,,,,,
2845,1 hr 32 min,Horror Thriller,Cannibal Lolita (2010),{},tt1744761,,,,,
2846,12 min,Comedy Short,Dirty Egg (2010),{},tt1744765,,,,,
2847,1 hr 30 min,Family,Heaven Ain't Hard to Find (2010),{},tt1744768,,,,PG-13,
2848,1 hr 21 min,Musical,Inale (2010),{},tt1744772,,,,,
2849,17 min,Adventure Animation Family Fantasy Mystery Short,Legend of the Boneknapper Dragon (2010),{},tt1744776,,,,,
2850,1 hr 25 min,Drama Thriller,The Kate Logan Affair (2010),{},tt1744793,,,,,
2851,1 hr 20 min,Drama Romance,Apart (2010),{},tt1744822,,,,,
2852,1 hr 58 min,Biography Documentary,Arab Attraction (2010),{},tt1744823,,,,,
2853,20 min,Short,Sirkus (2010),{},tt1744883,,,,,
2854,1 hr 25 min,Comedy Crime Drama Horror Mystery,1MC: Something of Vengeance (2010),{},tt1745649,,,,,
2855,,Action Drama,Ishmael (2010),{},tt1745724,,,,,
2856,1 hr 38 min,Documentary Drama Romance,My Heart Is an Idiot (2010),{},tt1745772,,,,,
2857,59 min,Biography,Norman Wisdom: His Story (2010),{},tt1745777,,,,,
2858,1 hr 24 min,Adventure Documentary History Sport,Race to the Bottom of the Earth (2011),{},tt1745796,,,,,
2859,1 hr 10 min,Drama Romance Western,Silent Anna (2010),{},tt1745816,,,,,
2860,36 min,Documentary Short,The Fence (2010),{},tt1745844,,,,,
2861,1 hr 12 min,Documentary Drama,FTW (2010),{},tt1745875,,,,,
2862,15 min,Documentary Short,The Chief (2010),{},tt1745908,,,,,
2863,21 min,Drama Short,Khorosho (2010),{},tt1745926,,,,,
2864,1 hr 32 min,Documentary Music,"We're the Weakerthans, We're from Winnipeg (2010)",{},tt1745961,,,,,
2865,1 hr 21 min,Comedy Family,Hugh & Heke (2010),{},tt1746172,,,,,
2866,1 hr 20 min,Documentary Music,Michael Nyman in Progress (2010),{},tt1746190,,,,,
2867,1 hr 14 min,Adventure Fantasy Musical,The Beast Pageant (2010),{},tt1746248,,,,,
2868,54 min,Biography Documentary History Sport,Tim Richmond: To the Limit (2010),{},tt1746277,,,,,
2869,54 min,Animation Family,Barney: A-Counting We Will Go (2010),{},tt1746546,,,,,
2870,54 min,Biography Documentary History Sport,Fernando Nation (2010),{},tt1746635,,,,,
2871,1 hr 7 min,Documentary,Dick Smith's Population Puzzle (2010),{},tt1747990,,,,,
2872,1 hr 37 min,Drama Family,More Than Diamonds (2010),{},tt1748123,,,,,
2873,1 hr 31 min,Action Comedy Fantasy Horror,Ninjas vs. Vampires (2010),{},tt1748134,,,,,
2874,1 min,Animation Comedy Music Short,Sorry Film Not Ready (2010),{},tt1748205,,,,,
2875,1 hr 32 min,Drama Horror Thriller,White House (2010),"{'Domestic': 527913, 'International': 527913}",tt1748288,"October 20, 2010 (Philippines)",,,,
2876,1 hr 30 min,Family,Love Me or Leave Me (2010),{},tt1750698,,,,,
2877,56 min,Documentary,A Moment in Time (2010),{},tt1753391,,,,,
2878,5 min,Comedy Short,A Reuben by Any Other Name (2010),{},tt1753397,,,,,
2879,1 hr 30 min,Horror Thriller,Alice in Murderland (2010),{},tt1753422,,,,,
2880,14 min,Fantasy Horror Sci-Fi Short Thriller,All Flowers in Time (2010),{},tt1753423,,,,,
2881,8 min,Horror Short,Bats in the Belfry (2010),{},tt1753484,,,,,
2882,16 min,Comedy Short,Censored (2010),{},tt1753572,,,,,
2883,56 min,Documentary History,Cointelpro 101 (2010),{},tt1753602,,,,,
2884,19 min,Short,Dansen met Travolta (2010),{},tt1753655,,,,,
2885,1 hr 31 min,Action Adventure Drama Fantasy,Dragon's Realm: The Search for the Forgotten Art (2010),{},tt1753738,,,,,
2886,1 hr 23 min,Drama,Du sköna (2010),{},tt1753743,,,,,
2887,1 hr 35 min,Drama Romance,En attendant Godard (2010),{},tt1753779,,,,,
2888,45 min,Action Adventure Sci-Fi,Escape from New Jersey (2010),{},tt1753790,,,,,
2889,17 min,Short,Evelyn Everyone (2010),{},tt1753795,,,,,
2890,1 hr 19 min,Comedy Drama,Godard & Others (2010),{},tt1753871,,,,,
2891,26 min,Action Comedy Short,Idiots=Product+Money (2010),{},tt1753938,,,,,
2892,58 min,Documentary,Israel vs Israel (2010),{},tt1753960,,,,,
2893,1 hr 22 min,Adventure Fantasy Horror,Jessicka Rabid (2010),{},tt1753975,,,,,
2894,1 hr 24 min,Comedy Horror,Klown Kamp Massacre (2007),{},tt1754022,,,,,
2895,6 min,Horror Short,Lancaster Square (2010),{},tt1754077,,,,,
2896,1 hr 17 min,Documentary Music,Look at What the Light Did Now (2010),{},tt1754146,,,,,
2897,1 hr 37 min,Documentary,Louis Sullivan: The Struggle for American Architecture (2010),{},tt1754151,,,,,
2898,1 hr 30 min,Action Adventure Horror Mystery Thriller,Malevolent Ascent (2010),{},tt1754170,,,,,
2899,10 min,Drama Horror Mystery Short,Needles (2010),{},tt1754261,,,,,
2900,1 hr 27 min,Documentary Horror Mystery,Nightfall (2010),{},tt1754276,,,,,
2901,1 hr 16 min,Drama Romance,Kawa (2010),{},tt1754277,,,,,
2902,51 min,Documentary,OJ Simpson: Monster or Myth? (2010),{},tt1754296,,,,,
2903,45 min,Comedy,Parastasul lui Viorel nu se mai tine aici (2010),{},tt1754335,,,,,
2904,18 min,Horror Short,Phobia (2010),{},tt1754348,,,,,
2905,7 min,Animation Comedy Family Fantasy Short,Prep & Landing Stocking Stuffer: Operation: Secret Santa (2010),{},tt1754374,,,,,
2906,1 hr 34 min,Documentary,Prosecutor (2010),{},tt1754383,,,,,
2907,1 hr 30 min,Action Crime,Razorblade City (2010),{},tt1754406,,,,,
2908,1 hr 1 min,Comedy,Red-Nexican (2010),{},tt1754409,,,,,
2909,1 hr 49 min,Comedy,Reds & Blues: The Ballad of Dixie & Kenny (2010),{},tt1754410,,,,,
2910,57 min,Documentary,Retour à Manille: Le cinéma Philippin (2010),{},tt1754419,,,,,
2911,30 min,Short,Sea of Tranquillity (2010),{},tt1754469,,,,,
2912,1 hr,Documentary,"Sexy Beasts: Vamps, Wolves, and Mutants (2010)",{},tt1754481,,,,,
2913,16 min,Drama Short,Steve (2010),{},tt1754539,,,,,
2914,2 hr 19 min,Fantasy Music Romance,Swan Lake (2010),{},tt1754561,,,,,
2915,3 min,Comedy Short,The Boot Sale (2010),{},tt1754596,,,,,
2916,30 min,Drama Fantasy Short,The Candy Shop (2010),{},tt1754603,,,,,
2917,1 hr 30 min,Comedy Romance,The Company We Keep (2010),{},tt1754612,,,,,
2918,15 min,Comedy Fantasy Short,The Legend of Hallowdega (2010),{},tt1754654,,,,,
2919,6 min,Adventure Animation Fantasy Romance Short,The Marriage of the Thames and the Rhine (2010),{},tt1754663,,,,,
2920,1 hr 10 min,Drama Mystery War,The Pink Hotel (2010),{},tt1754692,,,,,
2921,8 min,Comedy Short,The United Monster Talent Agency (2010),{},tt1754725,,,,,
2922,30 min,Comedy,This Show Will Get You High (2010),{},tt1754741,,,,,
2923,1 hr 2 min,Comedy Documentary,Tom Toal: On the Scrapheap (2010),{},tt1754765,,,,,
2924,1 hr 10 min,Drama Family,Transit Cities (2010),{},tt1754783,,,,,
2925,1 hr 41 min,Drama Family,Without a Father (2010),{},tt1754902,,,,,
2926,13 min,Comedy Short,Worst Enemy (2011),{},tt1754910,,,,,
2927,1 hr 32 min,Horror,Zombie Allegiance (2010),{},tt1754935,,,,,
2928,7 min,Drama Short,Action Painting (2010),{},tt1756388,,,,,
2929,30 min,Drama Short,At Ease (2010),{},tt1756401,,,,,
2930,1 hr 30 min,Documentary,Bock for President (2009),"{'Domestic': 49771, 'International': 49771}",tt1756431,"January 15, 2010 (Austria)",,,,
2931,1 hr,Horror,De Profundis: Out of the Depths (2010),{},tt1756469,,,,,
2932,1 hr 30 min,Documentary,Everything In-Between: The Story of Ellipse (2010),{},tt1756506,,,,,
2933,38 min,Documentary Short,Get Coached by Bobby Bowden (2010),{},tt1756527,,,,,
2934,1 hr 18 min,Documentary,Get Lamp (2010),{},tt1756529,,,,,
2935,,Short,Gillespie (2010),{},tt1756530,,,,,
2936,1 hr 22 min,Adult Drama,Leave Blank (2010),{},tt1756589,,,,,
2937,1 hr 30 min,Documentary,Love (2010),{},tt1756603,,,,,
2938,1 hr 32 min,Documentary Romance War,Love During Wartime (2010),{},tt1756604,,,,,
2939,24 min,Drama Short,Om Avstand (2010),{},tt1756652,,,,,
2940,1 hr 39 min,Comedy Romance,Perfect Wedding (2010),"{'Domestic': 3258985, 'International': 3258985}",tt1756679,"October 21, 2010 (China, APAC)",,,,
2941,34 min,Music Short,Runaway (2010),{},tt1756714,,,,,
2942,8 min,Drama Short,Sexting (2010),{},tt1756726,,,,,
2943,1 hr 2 min,Horror,Three Days in the Woods (2010),{},tt1756839,,,,,
2944,1 hr 50 min,Drama Romance,Till My Heartaches End (2010),"{'Domestic': 1386444, 'International': 1386444}",tt1756842,"October 27, 2010 (Philippines)",,,,
2945,1 hr 46 min,Comedy,Writer's Block (2010),{},tt1756874,,,,,
2946,1 hr 23 min,Documentary News,The Confessions (2010),{},tt1757113,,,,,
2947,1 hr 6 min,Comedy Documentary,Jim Breuer: More Than Me (2010),{},tt1757816,,,,,
2948,56 min,Documentary,Orchids: My Intersex Adventure (2010),{},tt1757830,,,,,
2949,46 min,Adventure,Storm Surfers: New Zealand (2010),{},tt1757874,,,,,
2950,45 min,Documentary,Take One: A Documentary Film About Swedish House Mafia (2010),{},tt1757880,,,,,
2951,1 hr 22 min,Documentary History,Utopia London (2010),{},tt1757922,,,,,
2952,,Documentary History,"Edgar Allan Poe: Love, Death, and Women (2010)",{},tt1758601,,,,,
2953,6 min,Drama Short,Idyll (2010),{},tt1758652,,,,,
2954,55 min,Documentary,Out of the Shadows (2012),{},tt1758738,,,,,
2955,18 min,Drama Mystery Short Thriller,Sea Swallow'd (2010),{},tt1758752,,,,,
2956,5 min,Comedy Drama Short,Sign Language (2010),{},tt1758756,,,,,
2957,35 min,Comedy Crime Short Thriller,"The Gospel According to Booze, Bullets & Hot Pink Jesus, Act I: The Missionary Man (2010)",{},tt1758793,,,,,
2958,42 min,Documentary History,The Real Story of Halloween (2010),{},tt1758807,,,,,
2959,4 min,Short,Cat Killer (2010),{},tt1760409,,,,,
2960,1 hr 26 min,Comedy Family Romance,Cuti-Cuti Cinta (2010),{},tt1760945,,,,,
2961,3 min,Comedy Short,Delmer Builds a Machine (2010),{},tt1760948,,,,,
2962,,Comedy,The Rally to Restore Sanity and/or Fear (2010),{},tt1761006,,,,,
2963,1 hr 28 min,Comedy Family,The Santa Incident (2010),{},tt1761007,,,,,
2964,29 min,Comedy Drama Short,1994 (2010),{},tt1762225,,,,,
2965,1 hr 27 min,Documentary Family News War,50 for Izzy (2010),{},tt1762228,,,,,
2966,1 hr 25 min,Drama Thriller,Charge Over You (2010),{},tt1762246,,,,,
2967,6 min,Short Sport,Training Day (2010),{},tt1762377,,,,,
2968,1 hr 3 min,Biography Documentary Music,Why You Do This (2011),{},tt1762403,,,,,
2969,28 min,Music,Lady Gaga (2010),{},tt1762810,,,,,
2970,1 hr 23 min,Documentary,Blood in the Mobile (2010),"{'Domestic': 1428, 'International': 1428}",tt1763194,"October 21, 2011 (United Kingdom)",,,,
2971,19 min,Comedy Drama Short,Bob & Bob (2010),{},tt1763197,,,,,
2972,30 min,Animation Comedy Drama Family Short,Miss Remarkable & her Career (2010),{},tt1763257,,,,,
2973,1 hr 54 min,Fantasy Horror Mystery,Motion Sickness (2010),{},tt1763261,,,,,
2974,1 hr 20 min,Adventure Comedy History,100 Years of Evil (2010),{},tt1763270,,,,,
2975,1 hr 38 min,Documentary,"Take That: Look Back, Don't Stare (2010)",{},tt1763289,,,,,
2976,1 hr 50 min,Drama,Tarima (2010),{},tt1763290,,,,,
2977,1 hr 28 min,Drama,26 Happiness Road (2010),{},tt1764136,,,,,
2978,1 hr 2 min,Documentary,6ft Hick: Notes from the Underground (2010),{},tt1764142,,,,,
2979,1 hr 2 min,Documentary,A Day in the Life of a Professional Wrestler (2010),{},tt1764149,,,,,
2980,50 min,Documentary,Convento (2010),{},tt1764240,,,,,
2981,,Adventure Short,Crossing Salween (2010),{},tt1764246,,,,,
2982,42 min,Drama Short,Currently Untitled (2010),{},tt1764249,,,,,
2983,1 hr 21 min,Comedy Romance,When Hainan Meets Teochew (2010),{},tt1764254,,,,,
2984,15 min,Action Drama Short,Deathless (2010),{},tt1764261,,,,,
2985,1 hr 30 min,Documentary,Three Stars (2010),"{'Domestic': 8942, 'International': 8942}",tt1764282,"September 21, 2012 (Domestic)",First Run,1003.0,,
2986,13 min,Crime Drama Short,Kill or Be Killed (2010),{},tt1764418,,,,,
2987,5 min,Mystery Short,L'escalier (2010),{},tt1764428,,,,,
2988,1 hr 20 min,Comedy Drama,Please Don't Disturb (2010),{},tt1764466,,,,,
2989,1 hr 28 min,Documentary,New York Dance: States of Performance (2010),{},tt1764516,,,,,
2990,7 min,Drama Fantasy Horror Short,So Brightly in the Dark (2010),{},tt1764601,,,,,
2991,20 min,Fantasy Short,Squeeze (2010),{},tt1764608,,,,,
2992,27 min,Adventure Short,Tchang (2010),{},tt1764630,,,,,
2993,8 min,Action Short,The Commuter (2010),{},tt1764641,,,,,
2994,1 hr 30 min,Documentary News,The Nurture Room (2010),{},tt1764673,,,,,
2995,1 hr 35 min,Drama Horror,The School in the Woods (2010),{},tt1764691,,,,,
2996,1 hr 30 min,Documentary Sport,The Story (2010),{},tt1764695,,,,,
2997,15 min,Documentary Short,True Guardians of the Earth (2010),{},tt1764717,,,,,
2998,1 hr 41 min,Documentary Music,Upside Down: The Creation Records Story (2010),"{'Domestic': 2017, 'International': 2017}",tt1764726,"September 15, 2011 (New Zealand)",,,,
2999,17 min,Documentary Short,Years Later: The Unbelievable Truth and its Consequences (2010),{},tt1764748,,,,,
3000,2 hr,Biography Documentary History,The Captains of the Final Frontier (2010),{},tt1764840,,,,,
3001,1 hr 24 min,Documentary,Beauty and Brains (2010),{},tt1765714,,,,,
3002,1 hr 27 min,Documentary,Dead Wrong: How Psychiatric Drugs Can Kill Your Child (2010),{},tt1765777,,,,,
3003,59 min,Biography Documentary,Johnnie Got His Gun! (2010),{},tt1765864,,,,,
3004,1 hr 26 min,Comedy Drama Music,Metal Messiah (2010),"{'Domestic': 3476, 'International': 3476}",tt1765913,"September 16, 2010 (Domestic)",Wind Pixie Pictures,,,
3005,1 hr 35 min,Drama Romance War,Relentless (2010),{},tt1766032,,,,,
3006,7 min,Action Animation Short,Salesman Pete and the Amazing Stone from Outer Space! (2010),{},tt1766060,,,,,
3007,1 hr 27 min,Crime Mystery Thriller,Smoke Screen (2010),{},tt1766093,,,,,
3008,52 min,Documentary,The Silent Epidemic (2010),{},tt1766160,,,,,
3009,1 hr 22 min,Documentary,With God on our Side (2010),{},tt1766204,,,,,
3010,3 min,Short,Bedtime for Timmy (2010),{},tt1767279,,,,,
3011,1 hr 7 min,Animation,Care Bears: The Giving Festival Movie (2010),{},tt1767295,,,,,
3012,1 hr 5 min,Documentary,Hidden Battles (2010),{},tt1767315,,,,,
3013,15 min,Action Fantasy Sci-Fi Short,Sons of Chaos (2010),{},tt1768720,,,,,
3014,,Documentary,The President's Book of Secrets (2010),{},tt1769369,,,,,
3015,12 min,Horror Mystery Sci-Fi Short Thriller,"Time's Up, Eve (2011)",{},tt1769375,,,,,
3016,,Documentary,Inside the State Department (2010),{},tt1770689,,,,,
3017,1 hr 30 min,Biography Documentary,Pablo's Hippos (2010),{},tt1770721,,,,,
3018,1 hr 38 min,Drama,The 70% Club (2010),{},tt1770746,,,,,
3019,1 hr 37 min,Documentary News,What in the World Are They Spraying? (2010),{},tt1770768,,,,,
3020,1 hr,Documentary,Attenborough's Journey (2010),{},tt1772244,,,,,
3021,50 min,Documentary,Finding Hulk Hogan (2010),{},tt1772266,,,,,
3022,48 min,Documentary Horror,Ghost Stories 4 (2010),{},tt1772275,,,,,
3023,4 min,Animation Family Short,Ponkina (2010),{},tt1772338,,,,,
3024,59 min,Documentary History War,The First World War from Above (2010),{},tt1772381,,,,,
3025,1 hr 52 min,Documentary,The Forgotten Space (2010),"{'Domestic': 17006, 'International': 17006}",tt1772382,"March 2, 2012 (Austria)",,,,
3026,58 min,Comedy Documentary,Tracy Morgan: Black and Blue (2010),{},tt1772407,,,,,
3027,25 min,Drama Short,Baby (2010),{},tt1772761,,,,,
3028,13 min,Drama Short,Picnic (2010),{},tt1773017,,,,,
3029,1 hr 46 min,Horror Thriller,Sella Turcica (2010),{},tt1773039,,,,,
3030,24 min,Adventure Comedy Drama Music Short,Shells for Shelley (2010),{},tt1773043,,,,,
3031,,Music,Sunsets: Powderfinger Farewell Tour Live in Concert (2010),{},tt1773062,,,,,
3032,1 hr 19 min,Adventure Family,Algjör Sveppi og dularfulla hótelherbergið (2010),"{'Domestic': 347060, 'International': 347060}",tt1773270,"September 10, 2010 (Iceland)",,,,
3033,1 hr 23 min,Documentary,Bad Blood: A Cautionary Tale (2010),{},tt1773294,,,,,
3034,1 hr 20 min,Documentary,Bloodmoney (2010),{},tt1773315,,,,,
3035,8 min,Horror Short,Chatter (2010),{},tt1773335,,,,,
3036,7 min,Romance Short,Conociendo a Eva (2010),{},tt1773349,,,,,
3037,1 hr 30 min,Horror,Evan Straw (2010),{},tt1773409,,,,,
3038,1 hr 5 min,Drama,Fragmentos Sobre El Vertigo (2010),{},tt1773434,,,,,
3039,28 min,Drama,Labyrinth Within (2010),{},tt1773529,,,,,
3040,1 hr 15 min,Horror,Legend of the Melonheads (2010),{},tt1773538,,,,,
3041,55 min,Documentary,Los hijos de Mama Wata (2010),{},tt1773549,,,,,
3042,4 min,Short,Na Ulitsa Nula (2010),{},tt1773584,,,,,
3043,8 min,Short,Nulepsy (2010),{},tt1773599,,,,,
3044,2 min,Comedy Short,"Red Nose, Black Heart (2010)",{},tt1773643,,,,,
3045,1 hr 25 min,Horror Thriller,Sealed Fates (2010),{},tt1773670,,,,,
3046,1 hr 24 min,Horror,Sheltered (2010),{},tt1773676,,,,,
3047,,Horror,Sickened (2010),{},tt1773679,,,,,
3048,1 hr 44 min,Documentary Fantasy Horror Mystery Sci-Fi Thriller,The Aurora Monsters: The Model Craze That Gripped the World (2010),{},tt1773715,,,,,
3049,46 min,Documentary News,The Dark Side of Chocolate (2010),{},tt1773722,,,,,
3050,1 hr 15 min,Drama Mystery Sci-Fi Thriller,The Untitled Kartik Krishnan Project (2010),{},tt1773774,,,,,
3051,1 hr 2 min,Comedy Documentary,Tim Vine: Punslinger Live (2010),{},tt1773783,,,,,
3052,16 min,Sci-Fi Short,21/12/12 (2010),{},tt1774263,,,,,
3053,1 hr 12 min,Horror,Don't Fall Asleep (2010),{},tt1774352,,,,,
3054,,Drama Short,La asamblea (2010),{},tt1774451,,,,,
3055,1 hr 20 min,Comedy,My Mama Said Yo Mama's a Dyke (2010),{},tt1774499,,,,,
3056,55 min,Action Adventure Documentary Sport,PlayGravity 2 (2010),{},tt1774528,,,,,
3057,27 min,Drama Family Short,After the Denim (2010),{},tt1776051,,,,,
3058,1 hr 45 min,Drama Family Mystery,Antim Swash Sundar (2010),{},tt1776065,,,,,
3059,1 hr 24 min,Adventure Documentary Sport,Crash the Coast (2010),{},tt1776140,,,,,
3060,1 hr 44 min,Comedy,Esperando septiembre (2010),{},tt1776182,,,,,
3061,25 min,Comedy Musical Short,Not Your Time (2010),{},tt1776262,,,,,
3062,,Action,Outliers (2010),{},tt1776272,,,,,
3063,13 min,Comedy Drama Short,Sputnik (2010),{},tt1776301,,,,,
3064,1 hr 28 min,History War,Storming Juno (2010),{},tt1776305,,,,,
3065,1 hr 28 min,Documentary History War,WWII in HD: The Air War (2010),{},tt1776357,,,,,
3066,1 hr 20 min,Action Horror,Apparition (2010),{},tt1776808,,,,,
3067,1 hr 28 min,Horror,Break (2010),{},tt1776844,,,,,
3068,7 min,Documentary News Short,Desecration/Resurrection (2010),{},tt1776889,,,,,
3069,1 hr 28 min,Documentary,I Am Alive: Surviving the Andes Plane Crash (2010),{},tt1776935,,,,,
3070,40 min,Biography Documentary Short,The Greenhorns (2010),{},tt1776996,,,,,
3071,1 hr,Comedy,25 Most Hilarious Holiday TV Moments (2010),{},tt1777533,,,,,
3072,,Drama Short,Burn My Body (2010),{},tt1777553,,,,,
3073,1 hr,Drama,Ghetto Stories (2010),{},tt1777573,,,,,
3074,1 hr 30 min,Documentary,The Kennedy Detail (2010),{},tt1777621,,,,,
3075,1 hr 40 min,Horror,Zombiechrist (2010),{},tt1777642,,,,,
3076,2 min,Animation Short,"1,2 Million Children (2010)",{},tt1778184,,,,,
3077,1 hr 20 min,Documentary,Burning Ice (2010),{},tt1778210,,,,,
3078,1 hr 16 min,Comedy,Frankie Boyle Live 2: If I Could Reach Out Through Your TV and Strangle You I Would (2010),{},tt1778256,,,,,
3079,,Short Thriller,Stranglehold (2010),{},tt1778330,,,,,
3080,57 min,Documentary,The Restaurateur (2010),{},tt1778357,,,,,
3081,56 min,Animation Crime Documentary Mystery War,The Silent Truth (2010),{},tt1778359,,,,,
3082,46 min,Biography Documentary,Design Revolution (2010),{},tt1778794,,,,,
3083,,Drama,Loyal Enemies (2010),{},tt1778836,,,,,
3084,11 min,Biography Documentary Short,Mr. Happy Man (2010),{},tt1778849,,,,,
3085,20 min,Drama Short,Quintet: Reflections on a Life (2010),{},tt1778879,,,,,
3086,10 min,Drama Short,The Palace (2010),{},tt1778919,,,,,
3087,30 min,Animation Short,The American Dream (2010),{},tt1779492,,,,,
3088,1 hr 6 min,Animation Documentary History,Last Day of the Dinosaurs (2010),{},tt1780888,,,,,
3089,8 min,Animation Comedy Short,Marvin (2010),{},tt1780902,,,,,
3090,26 min,Horror Short Thriller,The Suicide Tapes (2010),{},tt1781028,,,,,
3091,1 hr 42 min,Comedy,Dara O Briain: This Is the Show (2010),{},tt1781798,,,,,
3092,1 hr 49 min,Crime Drama,Forgive Me for Raping You (2010),{},tt1781816,,,,,
3093,1 hr 20 min,Documentary,Gordonia (2010),{},tt1781823,,,,,
3094,1 hr 20 min,Horror,Mourning Wood (2010),{},tt1781864,,,,,
3095,2 hr 5 min,Action Adventure Comedy Fantasy,Super Inday and the Golden Bibe (2010),{},tt1781909,,,,,
3096,1 hr 1 min,Documentary,Nomad's Home (2010),{},tt1782397,,,,,
3097,50 min,Drama,Biz (2010),{},tt1782400,,,,,
3098,18 min,Drama Short,Chalk (2011),{},tt1782407,,,,,
3099,1 hr 27 min,Drama Sport,Cutback (2010),{},tt1782415,,,,PG,
3100,1 hr 45 min,Action,Dragonetti: The Ruthless Contract Killer (2010),{},tt1782423,,,,,
3101,18 min,Music Short,Epistolary Fusillades (2010),{},tt1782429,,,,,
3102,1 hr 10 min,Action Adventure Animation Family Fantasy,Firebreather (2010),{},tt1782440,,,,,
3103,15 min,Documentary Drama Short,Luv'in the Black Country (2010),{},tt1782482,,,,,
3104,1 hr 30 min,Drama,Qarantina (2010),{},tt1782516,,,,,
3105,53 min,Biography Documentary,The Sisterhood (2010),{},tt1782551,,,,,
3106,22 min,Comedy Drama Short,Flagpole (2011),{},tt1783272,,,,,
3107,7 min,Drama Family History Short War,It's Over! (2010),{},tt1783310,,,,,
3108,6 min,Fantasy Romance Short,Love Transcends (2010),{},tt1783340,,,,,
3109,1 hr 14 min,Documentary,New York Conversations (2010),{},tt1783353,,,,,
3110,,Documentary History,Otto Skorzeny - SS-Agent für Hitler (2010),{},tt1783355,,,,,
3111,1 hr 33 min,Action Horror Mystery,Palmetto Haunting (2010),{},tt1783358,,,,,
3112,27 min,Drama Mystery Sci-Fi Short Thriller,Sweetheart (2010),{},tt1783380,,,,,
3113,1 hr 14 min,Comedy,Ricky Gervais: Out of England 2 - The Stand-Up Special (2010),{},tt1783772,,,,,
3114,1 hr 9 min,Romance Thriller,Blackmail Boys (2010),{},tt1784365,,,,,
3115,2 min,Comedy Short,Hannah Mantegna (2010),{},tt1784465,,,,,
3116,1 hr,Documentary,The Day John Lennon Died (2010),{},tt1784656,,,,,
3117,,Documentary,The Great American Oil Spill (2010),{},tt1784663,,,,,
3118,15 min,Drama Mystery Short Thriller,After-Life (2010),{},tt1785279,,,,,
3119,20 min,Biography Documentary Short War,Diary (2010),{},tt1785354,,,,,
3120,18 min,Drama Short,Magpie (2010),{},tt1785458,,,,,
3121,9 min,Action Comedy Fantasy Short,Moving Day (2010),{},tt1785481,,,,,
3122,1 hr 27 min,Biography Documentary,Pope Michael (2010),{},tt1785520,,,,,
3123,,Documentary,"Basquiat, Une Vie (2010)",{},tt1786411,,,,,
3124,1 hr 30 min,Drama,East of Paradise (2010),{},tt1786463,,,,,
3125,1 hr 37 min,Drama War,Farewell Baghdad (2010),{},tt1786476,,,,,
3126,,Comedy Short,Idle-Hands (2010),{},tt1786515,,,,,
3127,2 hr 14 min,Comedy Drama Romance,Journey to Paradise (2010),{},tt1786530,,,,,
3128,1 hr 24 min,Documentary History Music,Rockin' the Wall (2010),{},tt1786652,,,,,
3129,1 hr 29 min,Horror Mystery Thriller,Ancient Evil Unbound (2011),{},tt1786724,,,,,
3130,1 hr 34 min,Documentary,Von der Vermählung des Salamanders mit der grünen Schlange (2010),{},tt1786758,,,,,
3131,2 min,Animation Short,When Herzog Rescued Phoenix (2010),{},tt1786763,,,,,
3132,2 hr 31 min,,100 Greatest Toys (2010),{},tt1787040,,,,,
3133,1 hr 23 min,Comedy Documentary Drama Sport,Bots High (2010),{},tt1787057,,,,,
3134,23 min,Short,Marios and the Raven (2010),{},tt1787088,,,,,
3135,,Comedy Documentary Short,A Night Out (2010),{},tt1787641,,,,,
3136,1 hr 30 min,Documentary History War,Burma Displaced (2010),{},tt1787669,,,,,
3137,1 hr 23 min,Crime Drama Thriller,Five Pounds (2010),{},tt1787700,,,,,
3138,1 hr 28 min,Documentary Family History Western,Florida Crackers (2010),{},tt1787701,,,,,
3139,1 hr 6 min,Horror Music,Parade of the Dead (2010),{},tt1787778,,,,,
3140,1 hr 43 min,Crime Drama Thriller,Swallowed Whole (2010),{},tt1787799,,,,,
3141,,Documentary,Mystery Gorillas (2010),{},tt1787954,,,,,
3142,50 min,Documentary,American Serengeti (2010),{},tt1787959,,,,,
3143,1 hr 9 min,Action Animation Fantasy Horror,Alice in Nephernalia (2010),{},tt1788349,,,,,
3144,37 min,Documentary Music Short,Top Ten Monks (2010),{},tt1788466,,,,,
3145,56 min,Documentary Drama Romance,77 Steps (2010),{},tt1788981,,,,,
3146,2 hr 5 min,Documentary History News War,The Weight of Chains (2010),{},tt1789083,,,,,
3147,30 min,Animation Comedy Documentary Family,Wallace and Gromit's World of Invention (2010),{},tt1789621,,,,,
3148,17 min,Drama Family Short,Adam's Tallit (2010),{},tt1789681,,,,,
3149,59 min,Biography Documentary,Aung San Suu Kyi: Lady of No Fear (2010),{},tt1789697,,,,,
3150,1 hr 8 min,Documentary,"Dish: Women, Waitressing & the Art of Service (2010)",{},tt1789745,,,,,
3151,1 hr 45 min,Drama,Father Jejemon (2010),{},tt1789759,,,,,
3152,24 min,Drama Short,Misschien Later (2010),{},tt1789844,,,,,
3153,10 min,Family Short,Not-So SuperFriends (2010),{},tt1789864,,,,,
3154,1 hr 26 min,Documentary,The Battle for Barking (2010),{},tt1789933,,,,,
3155,1 hr 30 min,Documentary,The Electro Wars (2010),{},tt1789938,,,,,
3156,48 min,Documentary Drama,Because We Are Visual (2010),{},tt1790644,,,,,
3157,1 hr 33 min,Thriller,Las Caras del Diablo (2010),"{'Domestic': 1045669, 'International': 1045669}",tt1790759,"September 17, 2010 (Venezuela)",,,,
3158,1 hr 20 min,Comedy Drama,Paper Shoes (2010),{},tt1790800,,,,,
3159,27 min,Documentary Short,Videosyncracy (2010),{},tt1790892,,,,,
3160,27 min,Action Horror Short Thriller,Doll Boy (2010),{},tt1791495,,,,,
3161,1 hr 30 min,Documentary,Lombardi (2010),{},tt1791541,,,,,
3162,,Documentary,Løvekvinner (2010),{},tt1791546,,,,,
3163,1 hr 16 min,Drama,Revolution of Everyday Life (2010),{},tt1791587,,,,,
3164,1 hr 10 min,Comedy Music,Rolandz: Danzar igen (2010),{},tt1791589,,,,,
3165,3 min,Animation Comedy Family Fantasy Short,Scrat's Continental Crack-Up (2010),{},tt1791596,,,,,
3166,,Documentary,The Art of the Dynamic Shotgun (2010),{},tt1791622,,,,,
3167,3 min,Animation Comedy Short,Things You'd Better Not Mix Up (2010),{},tt1791650,,,,,
3168,1 hr 51 min,Documentary,We're All in This Together (2010),{},tt1791678,,,,,
3169,,Documentary,Martin Clunes: Horsepower (2010),{},tt1791836,,,,,
3170,1 hr 37 min,Documentary,Aquaponics Secrets (2010),{},tt1792027,,,,,
3171,11 min,Comedy Short,Free Sample (2010),{},tt1792065,,,,,
3172,1 hr 37 min,Documentary,Permaculture Soils (2010),{},tt1792123,,,,,
3173,16 min,Drama Short,Broken Vase (2010),{},tt1792545,,,,,
3174,1 hr 20 min,Drama Romance,Field Guide to November Days (2010),{},tt1792562,,,,,
3175,1 hr 30 min,Comedy,Gauragangur (2010),"{'Domestic': 96756, 'International': 96756}",tt1792566,"December 26, 2010 (Iceland)",,,,
3176,1 hr 27 min,Comedy Horror,Ground Zero (2010),{},tt1792803,,,,,
3177,35 min,Drama Short,The Warm-Up Guy (2010),{},tt1792824,,,,,
3178,1 hr 30 min,Music,Sting: Live in Berlin (2010),{},tt1793281,,,,,
3179,1 hr 25 min,Drama,Wes and Ella (2010),{},tt1793296,,,,,
3180,,Drama,"HIV: Si Heidi, si Ivy at si V (2010)",{},tt1794800,,,,,
3181,1 hr 53 min,Comedy,Jimmy Carr: Making People Laugh (2010),{},tt1794821,,,,,
3182,30 min,Documentary Short,Lukomir Six Months Off (2010),{},tt1794861,,,,,
3183,50 min,Drama,Near Neighbours (2010),{},tt1794883,,,,,
3184,,Horror Short,Quiet Country (2010),{},tt1794921,,,,,
3185,1 hr,Family,Stagecoach Santa (2010),{},tt1794970,,,,,
3186,52 min,Horror,Whistle and I'll Come to You (2010),{},tt1795050,,,,,
3187,1 hr 33 min,Drama,The High Life (2010),{},tt1795051,,,,,
3188,53 min,Comedy Drama Family Horror Mystery Thriller,Adventures of Louanna Lee Episode Two (2010),{},tt1795550,,,,,
3189,1 hr 16 min,Music,All Time Low: Straight to DVD (2010),{},tt1795553,,,,,
3190,11 min,Family Short Sport,The Little Boy and the Ball (2010),{},tt1795677,,,,,
3191,1 hr,Horror,Wolf Cabin (2010),{},tt1795703,,,,,
3192,,Comedy,Evan and Gareth Save the World (2010),{},tt1796474,,,,,
3193,,Mystery,Id (2010),{},tt1796513,,,,,
3194,7 min,Drama Short,Malika (2010),{},tt1796553,,,,,
3195,,Action Animation Comedy Drama Family Fantasy,My Friend Ganesha 3 (2010),{},tt1796564,,,,,
3196,59 min,Documentary,The Search for Life: The Drake Equation (2010),{},tt1796642,,,,,
3197,25 min,Comedy Short,These Showers Can Talk (2010),{},tt1796648,,,,,
3198,18 min,Biography Romance Short,Come Home to a Feminine Woman (2010),{},tt1797372,,,,,
3199,1 hr 25 min,Drama,Leaving Baghdad (2010),{},tt1797428,,,,,
3200,10 min,Comedy Short,Parts + Labor (2010),{},tt1797470,,,,,
3201,2 hr,Mystery,The Last Christmas (2010),{},tt1797514,,,,,
3202,38 min,Biography Documentary History Music Short,Jende ri Palenge (2010),{},tt1798179,,,,,
3203,,Comedy,Kathi Kanta Rao (2010),{},tt1798185,,,,,
3204,2 hr,Documentary History,Paris: The Luminous Years (2010),{},tt1798223,,,,,
3205,1 hr 50 min,Drama War,Joanna (2010),"{'Domestic': 79540, 'International': 79540}",tt1799110,"November 26, 2010 (Poland)",,,,
3206,57 min,Comedy Documentary,Robert Klein: Unfair and Unbalanced (2010),{},tt1799572,,,,,
3207,1 hr 38 min,Documentary History News,American Coup (2010),{},tt1800242,,,,,
3208,1 hr 30 min,Documentary,Broken Tail (2010),{},tt1800265,,,,,
3209,1 hr 30 min,Drama,Back to Your Arms (2010),"{'Domestic': 29258, 'International': 29258}",tt1800312,"November 26, 2010 (Lithuania)",,,,
3210,1 hr 4 min,Documentary Sport,The Official 3D 2010 FIFA World Cup Film (2010),{},tt1800395,,,,,
3211,6 min,Animation Music Short,Sensology (2010),{},tt1800733,,,,,
3212,2 hr,Drama Romance,Whatever Makes You Happy (2010),{},tt1800766,,,,,
3213,1 hr 22 min,Documentary Sport,Clarkson: The Italian Job (2010),{},tt1801042,,,,,
3214,1 hr 26 min,Documentary History,Dragons or Dinosaurs? (2010),{},tt1801050,,,,,
3215,59 min,Documentary,The Joy of Stats (2010),{},tt1801548,,,,,
3216,,Documentary,Gods & Monsters: Homer's Odyssey (2010),{},tt1802150,,,,,
3217,1 hr,Comedy Documentary,Kathy Griffin: Whores on Crutches (2010),{},tt1802479,,,,,
3218,1 hr 30 min,Documentary,Greek Myths: Tales of Travelling Heroes (2010),{},tt1802770,,,,,
3219,56 min,Comedy,Joe's Crackers (2010),{},tt1804253,,,,,
3220,13 min,Documentary Short,Anna and the Killer with Caroline Munro (2010),{},tt1805149,,,,,
3221,1 hr 37 min,Drama,Cairo Exit (2010),{},tt1805181,,,,,
3222,12 min,Documentary Short,Dark Notes (2010),{},tt1805198,,,,,
3223,1 hr 20 min,Documentary,Detroit Wild City (2011),{},tt1805203,,,,,
3224,1 hr,Documentary,Josée Andrei: An Insane Portrait (2010),{},tt1805275,,,,,
3225,27 min,Drama Short,Mac and Plak (2010),{},tt1805315,,,,,
3226,50 min,Drama,Mama (2010),{},tt1805319,,,,,
3227,13 min,Documentary Short,Maniac Men (2010),{},tt1805321,,,,,
3228,1 hr 33 min,Documentary,My Heart of Darkness (2010),{},tt1805340,,,,,
3229,1 hr 38 min,Comedy,Sean Lock: Lockipedia Live (2010),{},tt1805401,,,,,
3230,55 min,Documentary,Stanley Donen: You Just Do It (2010),{},tt1805413,,,,,
3231,12 min,Documentary Short,The Death Dealer with Tom Savini (2010),{},tt1805436,,,,,
3232,5 min,Short,The Disagreement (2010),{},tt1805438,,,,,
3233,58 min,Documentary,WikiRebels: The Documentary (2010),{},tt1805516,,,,,
3234,19 min,Drama Family Musical Short,Amira (2010),{},tt1806773,,,,,
3235,1 hr 38 min,Romance,Amor de Lejos (2010),{},tt1806775,,,,,
3236,7 min,Drama Short,Andy (2010),{},tt1806779,,,,,
3237,8 min,Crime Drama Mystery Short Thriller,Beneath the Veneer of a Murder (2010),{},tt1806809,,,,,
3238,47 min,Documentary News,Concrete Pharaohs (2010),{},tt1806810,,,,,
3239,20 min,Short,Cropped (2010),{},tt1806855,,,,,
3240,26 min,Drama Short,Goin' with the Flo (2010),{},tt1806912,,,,,
3241,30 min,Family,Nonna Tell Me a Story: Lidia's Christmas Kitchen (2010),{},tt1806979,,,,,
3242,1 hr 43 min,Documentary,The Day Before Disclosure (2010),{},tt1807036,,,,,
3243,1 hr 25 min,Comedy,Fast & Frantic (2010),"{'Domestic': 39523, 'International': 39523}",tt1807049,"April 1, 2010 (South Africa)",,,,
3244,2 hr 13 min,Action Adventure Animation Drama Thriller,Bhoot and Friends (2010),{},tt1807978,,,,,
3245,1 hr 32 min,Drama Romance,Hot Dog Stand (2010),{},tt1808183,,,,,
3246,5 min,Animation Comedy Sci-Fi Short,Lego Star Wars: Bombad Bounty (2010),{},tt1808255,,,,,
3247,1 hr 2 min,Documentary History Sport,Not Just a Game (2010),{},tt1808340,,,,,
3248,30 min,History,USS Midway (2010),{},tt1808618,,,,,
3249,1 hr 5 min,Documentary Drama History News,Will the Real Terrorist Please Stand Up? (2010),{},tt1808673,,,,,
3250,1 hr 7 min,Comedy Music,Bette Midler: The Showgirl Must Go On (2010),{},tt1809242,,,,,
3251,12 min,Documentary History Music Short,Drexciya (2010),{},tt1809263,,,,,
3252,1 hr 31 min,Documentary,Jefferson (2010),{},tt1809289,,,,,
3253,14 min,Comedy Short,Look My Way (2010),{},tt1809298,,,,,
3254,1 hr 24 min,Biography Documentary Sport,Mighty Jerome (2010),{},tt1809304,,,,,
3255,,Documentary,Return to the Bermuda Triangle (2010),{},tt1809334,,,,,
3256,1 hr 37 min,Documentary War,The War You Don't See (2010),{},tt1809387,,,,,
3257,59 min,Documentary,The End of God? A Horizon Guide to Science and Religion (2010),{},tt1809630,,,,,
3258,1 hr 19 min,Horror Mystery Thriller,Haunted Changi (2010),"{'Domestic': 519733, 'International': 519733}",tt1810636,"September 2, 2010 (Singapore)",,,,
3259,2 min,Drama Short,Nicholas Was (2010),{},tt1810714,,,,,
3260,6 min,Comedy Short,Underground Odyssey (2010),{},tt1811372,,,,,
3261,1 hr 5 min,Drama,End of Mourning (2010),{},tt1813287,,,,,
3262,57 min,Documentary History,Grande Hotel (2010),{},tt1813337,,,,,
3263,1 hr 2 min,Comedy,Jamie Kennedy: Uncomfortable (2010),{},tt1813394,,,,,
3264,41 min,Animation Short,Molecules to the Max! (2009),{},tt1813512,,,,,
3265,1 hr 2 min,Documentary,When Playboys Ruled the World (2010),{},tt1813750,,,,,
3266,28 min,Documentary Short,About Now MMX (2010),{},tt1814620,,,,,
3267,4 min,Animation Comedy Family Sci-Fi Short,Banana (2010),{},tt1814643,,,,,
3268,,Action Short,The Wedding (2010),{},tt1814903,,,,,
3269,8 min,Comedy Drama Short,Wordless (2010),{},tt1814952,,,,,
3270,3 min,Short,Evacuation (2010),{},tt1815697,,,,,
3271,14 min,Action Short,Injury Time (2010),{},tt1815760,,,,,
3272,1 hr 25 min,Documentary,Joffa: The Movie (2010),{},tt1815771,,,,,
3273,1 hr 26 min,Comedy,Ricky Gervais: Live IV - Science (2010),{},tt1815899,,,,,
3274,,Action Short,The Duke: Fate of Humanity (2010),{},tt1815973,,,,,
3275,13 min,Animation Short,The Trembling Veil of Bones (2010),{},tt1816009,,,,,
3276,23 min,Drama Short,Una caja de botones (2010),{},tt1816041,,,,,
3277,36 min,Comedy Drama News Short,When the Dust Settles (2010),{},tt1816067,,,,,
3278,,Documentary,Barbados at the Races (2010),{},tt1816098,,,,,
3279,6 min,Biography Documentary Drama Short,Spiral Transition (2010),{},tt1816650,,,,,
3280,56 min,Documentary,When a King Came to Town (2010),{},tt1816717,,,,,
3281,30 min,Documentary,William and Harry: The Brother Princes (2010),{},tt1816722,,,,,
3282,1 hr 40 min,Crime Drama,I Will Die Without You (2010),{},tt1817289,,,,,
3283,,Drama Romance,In the Niche of Love (2010),{},tt1817692,,,,,
3284,23 min,Comedy Documentary Family Short,Stan Versus Squirrel (2010),{},tt1817751,,,,,
3285,45 min,Animation Family Fantasy Musical,VeggieTales: Sweetpea Beauty (2010),{},tt1817785,,,,,
3286,45 min,Documentary,Glories of Glacier National Park (2010),{},tt1817805,,,,,
3287,18 min,Drama Short,Mak (2010),{},tt1818396,,,,,
3288,48 min,Comedy,The One Ronnie (2010),{},tt1818426,,,,,
3289,1 hr 36 min,Documentary,Inside the Milky Way (2010),{},tt1819551,,,,,
3290,50 min,Comedy Drama,Lenin in October (2010),{},tt1819584,,,,,
3291,,Animation Short,Strawberry Shortcake: A Berry Grand Opening (2009),{},tt1819677,,,,,
3292,1 hr 11 min,Documentary,3 Magic Words (2010),{},tt1820364,,,,,
3293,1 hr 4 min,Comedy Documentary,Gone Madigan (2010),{},tt1820451,,,,,
3294,8 min,Drama Short,Seven P.M. (2010),{},tt1820654,,,,,
3295,,Action Short,Stray Bullet (2010),{},tt1820684,,,,,
3296,,Documentary Music,Roll over Beethoven: The Chess Records Saga (2010),{},tt1821013,,,,,
3297,,Comedy Short,1% de chance (2010),{},tt1821301,,,,,
3298,1 hr 31 min,Comedy Documentary,Bill Bailey: Dandelion Mind (2010),{},tt1821347,,,,,
3299,30 min,Drama Romance Short,More Perfect Union (2010),{},tt1821544,,,,,
3300,,Action,Thieves (2010),{},tt1821675,,,,,
3301,1 hr 22 min,Drama,Desert (2010),{},tt1822207,,,,,
3302,,Documentary,Medieval Fight Book (2010),{},tt1822254,,,,,
3303,1 hr,Reality-TV,Sports Illustrated: Swimsuit 2010 (2010),{},tt1822312,,,,,
3304,1 hr,Documentary History Sport,Where Cars Don't Dare (2010),{},tt1822372,,,,,
3305,5 min,Comedy Romance Short,Please Accept This Ring... on Farmville (2010),{},tt1823184,,,,,
3306,1 hr 24 min,Documentary History News,Occupation Has No Future: Militarism + Resistance in Israel/Palestine (2010),{},tt1823724,,,,,
3307,38 min,Documentary Short,One Thousand Pictures: RFK's Last Journey (2010),{},tt1823725,,,,,
3308,4 min,Action Comedy News Short,The Majestic Plastic Bag (2010),{},tt1823756,,,,,
3309,25 min,Documentary Short,Aral. El mar perdido (2010),{},tt1824150,,,,,
3310,17 min,Drama Music Short,Mirk Riders (2010),{},tt1824194,,,,,
3311,1 hr,Documentary,80 Waves (2010),{},tt1824903,,,,,
3312,12 min,Documentary Drama History Short Sport,Étrangère (2010),{},tt1824962,,,,,
3313,,Documentary Short,I Scored a Goal in the FIFA World Cup Final (2010),{},tt1825002,,,,,
3314,15 min,Animation Short,I Was a Child of Holocaust Survivors (2010),{},tt1825004,,,,,
3315,16 min,Comedy Drama Romance Short,In Bed at 10 PM (2010),{},tt1825006,,,,,
3316,1 hr 18 min,Documentary News,OPERATION: Emotional Freedom - The Answer (2010),{},tt1825096,,,,,
3317,1 hr 30 min,Documentary,The Least of My Brothers (1999),{},tt1825162,,,,,
3318,5 min,Drama Romance Short,40 Views of Water (2010),{},tt1825638,,,,,
3319,4 min,Horror Short,Anorexia (2010),{},tt1825657,,,,,
3320,1 hr 34 min,Biography,Bee Gees: In Our Own Time (2010),{},tt1825675,,,,,
3321,1 hr 37 min,Fantasy Sci-Fi,Dark Metropolis (2010),{},tt1825735,,,,,
3322,24 min,Horror Short,Hinnon Valley (2010),{},tt1825799,,,,,
3323,2 hr 19 min,Romance,Ik Kudi Punjab Di (2010),"{'Domestic': 33211, 'International': 33211}",tt1825812,"September 16, 2010 (Australia)",,,,
3324,3 min,Comedy Short,Paranormal Saw (2010),{},tt1825915,,,,,
3325,52 min,Documentary,Racing Around the World Alone (2010),{},tt1825928,,,,,
3326,21 min,Documentary Short,Transparent Black (2010),{},tt1826025,,,,,
3327,54 min,Documentary,Beyond Me (2010),{},tt1826614,,,,,
3328,55 min,Documentary Music,Black Sabbath: Paranoid (2010),{},tt1826632,,,,,
3329,1 hr 10 min,Drama,Rindido (2010),{},tt1826835,,,,,
3330,8 min,Action Animation Short,Assassin's Creed: Ascendance (2010),{},tt1827362,,,,,
3331,3 hr 53 min,Biography Documentary Music,Iconoclast (2010),{},tt1827439,,,,,
3332,9 min,Comedy Drama Fantasy Short,Menú equivocado (2010),{},tt1827472,,,,,
3333,1 hr 31 min,Documentary,The Game is On (2010),{},tt1827547,,,,,
3334,47 min,Documentary Sport,Life Cycles (2010),{},tt1828232,,,,,
3335,1 min,Comedy Horror Short,The Mummy and the Balloon (2010),{},tt1829754,,,,,
3336,1 hr 26 min,Drama History Musical,Billy Bishop Goes to War (2010),{},tt1830503,,,,,
3337,8 min,Animation Comedy Family Music Musical Short,Donkey's Christmas Shrektacular (2010),{},tt1830577,,,,,
3338,2 hr 2 min,Music,Down: Diary of a Mad Band - Europe in the Year of VI (2010),{},tt1830580,,,,,
3339,5 min,Animation Comedy Family Short,Home Makeover (2010),{},tt1830633,,,,,
3340,14 min,Crime Drama Short Thriller,Mr Gibson (2010),{},tt1830728,,,,,
3341,4 min,Animation Comedy Family Sci-Fi Short,Orientation Day (2010),{},tt1830748,,,,,
3342,4 min,Animation Short,Paranoia (2010),{},tt1830752,,,,,
3343,2 hr 21 min,History,Jai Bolo Telangana (2011),{},tt1831688,,,,,
3344,22 min,Horror Sci-Fi Short Thriller,The Sanctuary (2010),{},tt1831802,,,,,
3345,2 min,Short,Careful with that Crossbow (2010),{},tt1832306,,,,,
3346,1 hr 45 min,Action Drama Romance War,Omi da Qortsili (2010),{},tt1832420,,,,,
3347,4 min,Animation Fantasy Short,The Swimmer (2010),{},tt1832500,,,,,
3348,31 min,Documentary Short,Pig Iron (2010),{},tt1833060,,,,,
3349,56 min,Adventure Documentary Sport,Stoked & Broke (2010),{},tt1833084,,,,,
3350,27 min,Documentary Drama Short,The A-Word (2010),{},tt1833212,,,,,
3351,2 hr 20 min,Musical,The Bolshoi Ballet: Live from Moscow - The Nutcracker (2010),{},tt1833537,,,,,
3352,1 hr,Animation,Bob the Builder: The Legend of the Golden Hammer (2009),{},tt1833657,,,,,
3353,1 hr 1 min,Comedy Documentary Romance,Road to Pride (2010),{},tt1833779,,,,,
3354,1 hr 22 min,Action Documentary Sport,Roof of Africa: The Kiwi Domination (2010),{},tt1833780,,,,,
3355,1 hr 4 min,Documentary,City Veins. The Future Lows Through Here (2010),{},tt1833857,,,,,
3356,1 hr 21 min,Documentary History,The Final Prophecies (2010),{},tt1834306,,,,,
3357,1 hr 24 min,Documentary Music,The Furious Force of Rhymes (2010),{},tt1834308,,,,,
3358,19 min,Sci-Fi Short,Peaceforce (2011),{},tt1836885,,,,,
3359,11 min,Fantasy Romance Short,Brookton Hollow (2010),{},tt1837522,,,,,
3360,8 min,Comedy Romance Short,A Certified Man (2010),{},tt1838437,,,,,
3361,1 hr 40 min,Thriller,The Elevator (2010),"{'Domestic': 31449, 'International': 31449}",tt1838519,"October 29, 2009 (Bolivia)",,,,
3362,57 min,History,History of Christian Worship: Part 1 - The Word (2010),{},tt1838553,,,,,
3363,10 min,Drama Romance Short,The in-Between (2010),{},tt1838701,,,,,
3364,21 min,Short,Weekend in Alphaville (2010),{},tt1838734,,,,,
3365,56 min,Action Comedy Horror,28 Hours Later: The Zombie Movie (2010),{},tt1839385,,,,,
3366,,Action,Chelovek niotkuda (2010),{},tt1839432,,,,,
3367,1 hr 10 min,Documentary,Inside the Freemasons: The Grand Lodge Uncovered (2010),{},tt1839509,,,,,
3368,16 min,Drama Short Thriller,Loser (2011),{},tt1839550,,,,,
3369,1 hr 5 min,Drama,Roadside Picnic (2010),{},tt1841816,,,,,
3370,51 min,Drama,Naked Trip: On the Run from the Mafia (2008),{},tt1843222,,,,,
3371,1 hr 13 min,Documentary History News,Our Generation (2010),{},tt1843234,,,,,
3372,13 min,Drama Short,A Lack of Gravity (2010),{},tt1843837,,,,,
3373,15 min,Drama Fantasy Romance Short,Crystal Jam (2010),{},tt1843885,,,,,
3374,23 min,Drama Short,Lost Connection (2011),{},tt1843973,,,,,
3375,1 hr 24 min,Action Horror Thriller,The Bucks County Massacre (2010),{},tt1844635,,,,,
3376,1 hr 20 min,Comedy,Green (2010),{},tt1844673,,,,,
3377,6 min,Documentary History Short,Isdammen (2010),{},tt1844689,,,,,
3378,1 hr 20 min,Comedy Drama Romance,"Je T'aime, I Love You Terminal (2010)",{},tt1844692,,,,,
3379,,Documentary,Anaconda: Queen of the Serpents (2010),{},tt1845776,,,,,
3380,57 min,Documentary,A History of Christian Worship: Part 2 - The Body (2010),{},tt1846447,,,,,
3381,4 min,Comedy Short,Cloe (2011),{},tt1846508,,,,,
3382,,Horror Thriller,Defiled (2010),{},tt1846531,,,,,
3383,1 hr 45 min,Drama Family,Ku Ma (2010),{},tt1846610,,,,,
3384,,History,The Real M*A*S*H (2010),{},tt1846787,,,,,
3385,,Documentary,Aliens of the Deep Sea (2010),{},tt1846918,,,,,
3386,1 hr 20 min,Action Comedy Crime,25K (2010),{},tt1848755,,,,,
3387,1 hr 6 min,Comedy,Arj Barker: LYAO (2010),{},tt1848787,,,,,
3388,15 min,Comedy Romance Short,After the Credits (2010),{},tt1849715,,,,,
3389,28 min,Comedy Short,Where Is My Dog? (2010),{},tt1849910,,,,,
3390,1 hr 22 min,Comedy,Fake Blood (2010),{},tt1851002,,,,,
3391,,Documentary,On the Streets (2010),{},tt1851034,,,,,
3392,1 hr 13 min,Documentary,New Garage Explosion: In Love with These Times (2010),{},tt1852049,,,,,
3393,29 min,Drama Fantasy Mystery Short,Umkhungo (2010),{},tt1852161,,,,,
3394,2 hr,Action Adventure Drama Sci-Fi,CO2 (2010),{},tt1852977,,,,,
3395,3 min,Action Animation Comedy Short,Dirkjan Heerst! (2010),{},tt1853546,,,,,
3396,15 min,Comedy Drama Short,Band (2010),{},tt1854243,,,,,
3397,52 min,Documentary,Music (2010),{},tt1854312,,,,,
3398,16 min,Action Comedy Crime Short,På jobb for en trygg hovedstad (2010),{},tt1854322,,,,,
3399,1 hr 27 min,Documentary,Winds of Heaven (2010),{},tt1854378,,,,,
3400,,Drama Short,Paroles (2010),{},tt1854562,,,,,
3401,17 min,Drama Fantasy Horror Short,Later (2011),{},tt1855248,,,,,
3402,1 hr 29 min,Crime Drama,Lost Dogs (2010),{},tt1855257,,,,,
3403,7 min,Action Comedy Short,The Million Dollar Watch (2010),{},tt1855390,,,,,
3404,7 min,Horror Short Thriller,Video Night (2010),{},tt1856105,,,,,
3405,56 min,Documentary Music,Tom Petty and the Heartbreakers: Damn the Torpedoes (2010),{},tt1856680,,,,,
3406,2 min,Drama Mystery Short,Lone Wolf (2010),{},tt18569640,,,,,
3407,2 hr 12 min,Documentary,A War to End All Wars (2010),{},tt1857613,,,,,
3408,1 hr 30 min,Documentary,Chopin: The Women Behind the Music (2010),{},tt1857651,,,,,
3409,1 hr,Action Adventure Animation Family,Fireman Sam: The Great Fire of Pontypandy (2009),{},tt1857702,,,,,
3410,44 min,Documentary Short,Joann Sfar (dessins) (2010),{},tt1859515,,,,,
3411,1 hr 16 min,Music,Carole King & James Taylor: Live at the Troubadour (2010),{},tt1860190,,,,,
3412,1 hr 45 min,Documentary Music,FESTED: A Journey to Fest 7 (2010),{},tt1860226,,,,,
3413,1 hr 5 min,Comedy Documentary,Jethro: I Told It My Way (2010),{},tt1861357,,,,,
3414,7 min,Documentary Mystery Short,Miracle on 22nd Street (2010),{},tt1862053,,,,,
3415,1 hr 22 min,Documentary,The Magick of Solomon (1996),{},tt1862116,,,,,
3416,43 min,Documentary Music Short,Gnawa (2010),{},tt1863256,,,,,
3417,1 hr,Documentary Drama History,Hatalyan (2010),{},tt1863262,,,,,
3418,7 min,Animation Short,Millhaven (2010),{},tt1863330,,,,,
3419,1 hr 15 min,Documentary,The Occult: The Truth Behind the Word (2010),{},tt1863426,,,,,
3420,3 hr,Documentary,"The Truth About The Philadelphia Experiment: Invisibility, Time Travel and Mind Control - The Shocking Truth (2010)",{},tt1863431,,,,,
3421,5 min,Drama Short,Fear Itself (2010),{},tt1864325,,,,,
3422,55 min,Biography Documentary History Music,Sathima's Windsong (2010),{},tt1864476,,,,,
3423,52 min,Documentary,"James Ensor, Demons Teasing Me (2010)",{},tt1866981,,,,,
3424,,Documentary,Real Ghosts UK (2010),{},tt1867037,,,,,
3425,,Documentary,Shark Night (2010),{},tt1867055,,,,,
3426,1 hr 20 min,Documentary,The Alien Time Machine: Encounters from Another Dimension (2010),{},tt1867072,,,,,
3427,1 hr 15 min,Documentary,The Initiation of Alice in Wonderland: The Looking Glass of Lewis Carroll (2010),{},tt1867079,,,,,
3428,1 hr,Adventure Documentary,The Road Trip USA (2010),{},tt1867092,,,,,
3429,1 hr 10 min,Documentary,Robin Hood: The Truth Behind Hollywood's Most Filmed Legend (2010),{},tt1867597,,,,,
3430,1 hr 30 min,Documentary,"UFOs 1973: Aliens, Abductions and Extraordinary Sightings (2010)",{},tt1867643,,,,,
3431,11 min,Drama Short,Education for Leisure (2010),{},tt1868008,,,,,
3432,7 min,Short,FéLáLom (2010),{},tt1868013,,,,,
3433,,Family,Dex Hamilton: Fire and Ice (2010),{},tt1869370,,,,,
3434,1 hr 30 min,Documentary,In the Name of the Family (2010),{},tt1869488,,,,,
3435,15 min,Drama Short,Into the Night (2010),{},tt1869495,,,,,
3436,1 hr 30 min,Action Drama Fantasy Romance,London Calling (2009),{},tt1869542,,,,,
3437,2 hr 56 min,Documentary,Ocean Odyssey (2008),{},tt1869597,,,,,
3438,7 min,Comedy Drama Romance Short,Ten Fingers (2010),{},tt1869695,,,,,
3439,15 min,Short,Um Outro Ensaio (2010),{},tt1870563,,,,,
3440,1 hr 5 min,Adventure Documentary News,"White Water, Black Gold (2011)",{},tt1870579,,,,,
3441,11 min,Comedy Family Romance Short,Brownie Points (2011),{},tt1871238,,,,,
3442,15 min,Drama Mystery Short Thriller,Five Minutes Alone (2010),{},tt1871274,,,,,
3443,57 min,Documentary,Somewhere to Disappear (2010),{},tt1871373,,,,,
3444,1 hr 30 min,Adventure Animation Sci-Fi,AniMen: Triton Force (2010),"{'Domestic': 395220, 'International': 395220}",tt1874412,"March 24, 2011 (Russia/CIS)",,,,
3445,2 min,Documentary Music Short,Portrait Serie - Jonas Mekas (2010),{},tt1874679,,,,,
3446,1 hr 15 min,Documentary,Women of Hamas (2010),{},tt1877722,,,,,
3447,1 hr 26 min,Documentary,No Tomorrow (2010),{},tt1877727,,,,,
3448,10 min,Drama Short,Steinen fra stjernene (2010),{},tt1877773,,,,,
3449,1 hr 20 min,Animation Drama War,A Jewish Girl in Shanghai (2010),{},tt1878842,,,,,
3450,13 min,Drama Horror Short,Luz (2010),{},tt1878984,,,,,
3451,,Drama,Mistakes (2011),{},tt1879002,,,,,
3452,1 hr 13 min,Sport,Race Across the Sky 2010 (2010),{},tt1880310,,,,,
3453,1 hr,Documentary,SoLa: Louisiana Water Stories (2010),{},tt1880331,,,,,
3454,1 hr 35 min,Comedy,8E88 Fan Lanla (2010),"{'Domestic': 220859, 'International': 220859}",tt1880908,"July 15, 2010 (Thailand)",,,,
3455,15 min,Animation Short,Animate Everything! (2010),{},tt1880919,,,,,
3456,2 hr 53 min,Music,Skank: Multishow ao Vivo no Mineirão (2010),{},tt1881055,,,,,
3457,5 min,Action Animation Family Sci-Fi Short,Crater Face (2010),{},tt1882055,,,,,
3458,7 min,Animation Short,CMYK (2011),{},tt1883153,,,,,
3459,2 hr 12 min,Music,Bowlive: Soulive Live at the Brooklyn Bowl (2011),{},tt1884259,,,,,
3460,1 hr 38 min,Drama Horror Mystery Thriller,Perversion (2010),{},tt1885336,,,,,
3461,1 hr 28 min,Drama,SSDD: Same Shit Different Day (2010),{},tt1885361,,,,,
3462,9 min,Comedy Drama Short,Specifically (2010),{},tt1886682,,,,,
3463,1 min,Animation Short,Arts & Crafts Spectacular (2010),{},tt1887668,,,,,
3464,40 min,Music Short,Lang Lang: The Third Dimension at Berghain (2010),{},tt1887788,,,,,
3465,1 hr 24 min,Family,The Boathouse Detectives (2010),{},tt1888516,,,,,
3466,27 min,Drama Short,Dimension 1991-2024 (2010),{},tt1888523,,,,,
3467,,Documentary,Inside the Firestorm (2010),{},tt1888538,,,,,
3468,15 min,Action Comedy Short,Ao Meu Pai com Carinho (2010),{},tt1890352,,,,,
3469,1 hr 59 min,Documentary,Human Resources Documentary (2010),{},tt1891825,,,,,
3470,1 hr 27 min,Comedy,Outrageous (2010),"{'Domestic': 26069, 'International': 26069}",tt1894518,"April 9, 2010 (South Africa)",,,,
3471,7 min,Short,Tomorrow Everything Will Be Alright (2010),{},tt1895579,,,,,
3472,12 min,Animation Short,Volli Pall (2010),{},tt18956550,,,,,
3473,1 hr 9 min,Comedy Drama Romance,The Date Profile (2010),{},tt1897977,,,,,
3474,32 min,Documentary Short,Avatar Spirits (2010),{},tt1900832,,,,,
3475,1 hr 39 min,Documentary,Psywar (2010),{},tt1900958,,,,,
3476,8 min,Short,You Never Left (2010),{},tt1905095,,,,,
3477,52 min,Documentary,Justice for Sergei (2010),{},tt1907699,,,,,
3478,,Drama Romance,Bengaloored (2010),{},tt1908463,,,,,
3479,12 min,Short,Maybe Siam (2010),{},tt1908528,,,,,
3480,10 min,Drama Short,Superhelter har ikke leggetid (2010),{},tt1908564,,,,,
3481,3 min,Short,Man Who Fell to Earth (Remix) (2010),{},tt1910576,,,,,
3482,10 min,Drama Short,Scene fra et parforhold #2 (2010),{},tt1910612,,,,,
3483,10 min,Short,Tubelight ka Chaand (2010),{},tt1912512,,,,,
3484,1 hr 15 min,Documentary History,gODDESSES (We Believe We Were Born Perfect) (2010),{},tt1913205,,,,,
3485,1 hr 38 min,Action Drama Thriller,Frontera (2010),{},tt1914258,,,,,
3486,1 hr,Biography Documentary Music,The Making of Elton John: Madman Across the Water (2010),{},tt1915614,,,,,
3487,43 min,Documentary,Der Fall X - Wie die DDR West-Berlin erobern wollte (2010),{},tt1918772,,,,,
3488,,Music,JLS: Only Tonight - Live from London (2010),{},tt1918879,,,,,
3489,1 hr 4 min,Documentary,Who Is Dervla Murphy? (2010),{},tt1919196,,,,,
3490,47 min,Drama,Alleen Hier (2010),{},tt1920836,,,,,
3491,1 hr 20 min,Documentary History,Bored in Heaven (2011),{},tt1920863,,,,,
3492,58 min,Documentary Sport,Broad Street Bullies (2010),{},tt1922562,,,,,
3493,1 hr 29 min,Drama,Maya (2010),{},tt1922662,,,,,
3494,20 min,Action Comedy Short,Paper Trail (2010),{},tt1922684,,,,,
3495,34 min,Documentary Short,Koniec lata (2011),{},tt1922749,,,,,
3496,1 hr 45 min,Thriller,Bloodlust (2010),{},tt1924233,,,,,
3497,50 min,Horror,Polly (2010),{},tt1924347,,,,,
3498,32 min,Short,Drawing Restraint 17 (2010),{},tt1925418,,,,,
3499,43 min,Biography Documentary History News Short,Ungochani (2010),{},tt1925529,,,,,
3500,1 hr 3 min,Drama,Bursting Out (2010),{},tt1926229,,,,,
3501,15 min,Drama Short,Only Sound Remains (2010),{},tt1927103,,,,,
3502,1 hr 1 min,Documentary,A Course in Miracles: The Movie (2010),{},tt1928099,,,,,
3503,,Comedy Crime Drama Romance,Ek Aadat (2010),{},tt1929241,,,,,
3504,,Horror Mystery Thriller,Mallika (2010),{},tt1929309,,,,,
3505,10 min,Animation Comedy Family Romance Short,Memee (2010),{},tt1930404,,,,,
3506,1 hr 30 min,Thriller,Pop Star (2010),"{'Domestic': 12434, 'International': 12434}",tt1930444,"July 15, 2010 (Thailand)",,,,
3507,43 min,Documentary Short,The Plaza (2010),{},tt1930525,,,,,
3508,16 min,Comedy Short,Short Life (2010),{},tt1931410,,,,,
3509,1 hr 30 min,Sport,Cricket's Greatest Blunders & Wonders (2010),{},tt1931411,,,,,
3510,1 hr 34 min,Comedy Documentary,Mike Epps Presents: Live from Club Nokia (2011),{},tt1931486,,,,,
3511,2 min,Animation Comedy Short,Zapped! (2010),{},tt1931613,,,,,
3512,6 min,Animation Biography Documentary Short,Danny & Annie (2010),{},tt1932625,,,,,
3513,1 hr 32 min,Adventure Comedy Documentary,Buzzkill: Is There Life After Coffee? (2010),{},tt1933551,,,,,
3514,1 hr 30 min,Documentary,A Boatload of Wild Irishmen (2010),{},tt1934167,,,,,
3515,1 hr 30 min,Drama,A Hand Full of Dirt (2010),{},tt1934169,,,,,
3516,12 min,Drama Fantasy Short,Notes on Lying (2010),{},tt1934345,,,,,
3517,20 min,Short,"The Bad Breast; or, The Strange Case of Theda Lange (2010)",{},tt1934415,,,,,
3518,31 min,Adventure Documentary Family Short Sport,I Just Love to Paddle (2010),{},tt1935822,,,,,
3519,48 min,Documentary,Discovering Lennon (2010),{},tt1936269,,,,,
3520,1 hr 17 min,Horror,Slow Torture Puke Chamber (2010),{},tt1937329,,,,,
3521,2 hr 10 min,Action Comedy Crime Drama Fantasy,Vroom (2010),{},tt1937455,,,,,
3522,55 min,Documentary,William Kentridge: Anything Is Possible (2010),{},tt1937464,,,,,
3523,1 hr 14 min,Documentary,Tranzania. Living. Room. (2010),{},tt1939780,,,,,
3524,28 min,Short,Ang katapusang bagting (2010),{},tt1942038,,,,,
3525,24 min,Short,Hollow (2010),{},tt1942069,,,,,
3526,,Short,Nilda (2010),{},tt1942090,,,,,
3527,1 hr 18 min,Documentary,Uncle Bob (2010),{},tt1943863,,,,,
3528,3 min,Drama Short,Your Highness (2010),{},tt1943874,,,,,
3529,49 min,Documentary Family History Romance,Married in Canada (2010),{},tt1945136,,,,,
3530,1 hr 8 min,Documentary,Tesis Laboral (2010),{},tt1945190,,,,,
3531,1 hr 4 min,Biography Documentary,Hamama (2010),{},tt1946243,,,,,
3532,1 hr 27 min,Documentary,Sunny Land (2011),{},tt1948159,,,,,
3533,1 hr 28 min,Action Crime Drama Thriller,"Hot Ice, No-one Is Safe (2010)",{},tt1949554,,,,,
3534,1 hr 30 min,Horror,Bum with a Gun (2010),{},tt1951141,,,,,
3535,,Drama Short,Marie (2010),{},tt1951188,,,,,
3536,6 min,Comedy Drama Musical Short,Leather Kittens Gone Bad (2010),{},tt1954611,,,,,
3537,1 hr 29 min,Documentary,Osage Tribal Murders (2010),{},tt1954714,,,,,
3538,15 min,Fantasy Short,Traces (2010),{},tt1955011,,,,,
3539,54 min,Documentary,Alan Bennett and the Habit of Art (2010),{},tt1956423,,,,,
3540,1 hr 3 min,Horror,Degenerates Ink (2010),{},tt1956470,,,,,
3541,1 hr 24 min,Drama,Phantomanie (2009),{},tt1957995,,,,,
3542,1 hr 20 min,Documentary,Snøhulemannen (2010),{},tt1958024,,,,,
3543,1 hr 17 min,Documentary,2012: Mayan Prophecy and the Shift of the Ages (2009),{},tt1961145,,,,,
3544,1 hr,Documentary,El Bulli - Historia de un sueño (2010),{},tt1961289,,,,,
3545,,Short,Hanapbuhay (2010),{},tt1961337,,,,,
3546,1 hr,Documentary News,Marijuana USA (2010),{},tt1964904,,,,,
3547,16 min,Drama Short,No Man's Land (2010),{},tt1964958,,,,,
3548,1 hr 8 min,Documentary,K.364: A Journey by Train (2010),{},tt1971433,,,,,
3549,1 hr 28 min,Comedy,Peacock Season (2009),{},tt1975934,,,,,
3550,1 hr 37 min,Documentary,A Boy Has Been Dead (2010),{},tt1976018,,,,,
3551,20 min,Horror Short,Halloween: Autumn Blood (2010),{},tt1976553,,,,,
3552,10 min,Horror Short,Halloween: Black Eyes (2010),{},tt1976554,,,,,
3553,16 min,Short,Negativipeg (2010),{},tt1977064,,,,,
3554,1 hr,Documentary,Ai Weiwei: Without Fear or Favour (2010),{},tt1977700,,,,,
3555,4 min,Action Adventure Animation Comedy Short,Hezarfen (2010),{},tt1980138,,,,,
3556,1 hr 12 min,Drama,Dark Fantasies (2010),{},tt1982656,,,,,
3557,20 min,Action Crime Short Thriller,Stardust (2010),{},tt1986138,,,,,
3558,8 min,Short,I am Agha (2010),{},tt1986863,,,,,
3559,13 min,Biography Short,"Anne Truitt, Working (2010)",{},tt1988127,,,,,
3560,7 min,Documentary Short,Paranoia and Moral Panics (2010),{},tt19888624,,,,,
3561,1 hr 30 min,Drama,Torn (2010),{},tt1989696,,,,,
3562,42 min,Documentary Short,"Marcel Ophuls et Jean-Luc Godard, La rencontre de St-Gervais (2011)",{},tt1990281,,,,,
3563,45 min,Documentary,Where's My Goat? (2010),{},tt1990391,,,,,
3564,1 hr 30 min,Crime Documentary,Crack House USA (2010),{},tt1991025,,,,,
3565,1 hr 32 min,Documentary,Beyond the Myth: A Film About Pit Bulls and Breed Discrimination (2010),{},tt1993286,,,,,
3566,1 hr 5 min,Horror,Terror at Black Tree Forest (2010),{},tt1993409,,,,,
3567,1 hr 33 min,Documentary Sport,Chasing Legends (2010),{},tt1996211,,,,,
3568,1 hr 28 min,Comedy Romance,My Sassy Girl 2 (2010),"{'Domestic': 2776022, 'International': 2776022}",tt1997605,"November 5, 2010 (China)",,,,
3569,,Drama Short,Amor Cego (2010),{},tt1999089,,,,,
3570,46 min,Documentary,Souvenirs d'une année à Marienbad (2010),{},tt2004360,,,,,
3571,1 hr 10 min,Horror,The Legacy of Boggy Creek (2011),{},tt2004395,,,,,
3572,14 min,Documentary Short,Vertov in Blum. An Investigation (2010),{},tt2004422,,,,,
3573,1 hr 30 min,Music,Megadeth: Rust in Peace Live (2010),{},tt2007427,,,,,
3574,1 hr,Documentary,The End of the World Begins with One Lie (2011),{},tt2007478,,,,,
3575,24 hr,Drama,The Clock (2010),{},tt2008009,,,,,
3576,1 hr 34 min,Drama,My Sexual Life (2010),"{'Domestic': 2138, 'International': 2138}",tt2008027,"April 29, 2011 (Romania)",,,,
3577,3 min,Comedy Short,Inspired by Bret Easton Ellis (2010),{},tt2008541,,,,,
3578,1 hr 4 min,Drama,Here After (2007),{},tt2009488,,,,,
3579,5 min,Drama Short,Watcher in the Dark (2010),{},tt2011370,,,,,
3580,16 min,Drama Short,Au milieu de nulle part ailleurs (2010),{},tt2014177,,,,,
3581,1 hr 44 min,Horror,Keepsake (2010),{},tt2014264,,,,,
3582,10 min,Short,Trypps #7 (Badlands) (2010),{},tt2015520,,,,,
3583,1 hr 34 min,Drama,The Duck Hunter (2010),{},tt2017712,,,,,
3584,1 hr 51 min,Drama,Lost Loves (2010),{},tt2022456,,,,,
3585,1 hr 51 min,Drama,La grande villa (2010),{},tt2024450,,,,,
3586,6 min,Animation Short,The Forest (2010),{},tt2025691,,,,,
3587,9 min,Drama Short,At the Tattooist (2010),{},tt2027056,,,,,
3588,,Documentary History,Samurai (2010),{},tt2027206,,,,,
3589,,Drama,Khroniki izmeny (2010),{},tt2035539,,,,,
3590,1 min,Animation Comedy Short,Stumped (2010),{},tt2036445,,,,,
3591,,Adventure Short,Uber Life: An Interactive Movie (2010),{},tt2036473,,,,,
3592,1 hr 24 min,Romance,A Buddy Story (2010),{},tt2040257,,,,,
3593,10 min,Drama Romance Short,Yes (2010),{},tt2044080,,,,,
3594,3 min,Animation Short,An Odd Little Opus (2011),{},tt2046069,,,,,
3595,,Sport,The Windsurfing Movie II (2010),{},tt2047889,,,,,
3596,1 hr 39 min,Fantasy Musical,Alice in Wonderland (2010),{},tt2049386,,,,,
3597,41 min,Adventure Biography Documentary Short,Following the Way (2010),{},tt2050519,,,,,
3598,52 min,Documentary,Songs of War: Music as a Weapon (2010),{},tt2050620,,,,,
3599,6 min,Drama Short,Missing (2010),{},tt2059249,,,,,
3600,1 hr 31 min,Biography Documentary Music,Jimi Hendrix: Voodoo Child (2010),{},tt2060510,,,,,
3601,1 hr 43 min,Drama,Egoli: Afrikaners is Plesierig (2010),"{'Domestic': 53736, 'International': 53736}",tt2061665,"June 18, 2010 (South Africa)",,,,
3602,25 min,Comedy Drama Short,Tuba Atlantic (2010),{},tt2061843,,,,,
3603,11 min,Animation Short,Sonntag 2 (2011),{},tt2062643,,,,,
3604,19 min,Drama Short,Tiong Bahru (2010),{},tt2062686,,,,,
3605,6 min,Animation Music Short,Slave Ship (2010),{},tt2063780,,,,,
3606,24 min,Comedy Fantasy Horror Short,Chump Change (2010),{},tt2066853,,,,,
3607,22 min,Drama Short,Queen (2011),{},tt2071563,,,,,
3608,14 min,Drama Short,True Love (2010),{},tt2072287,,,,,
3609,45 min,Documentary,Looking for Manchester with Eric Cantona (2010),{},tt2072960,,,,,
3610,1 hr 31 min,Comedy Drama,Little Simico's Great Fantasy (2011),{},tt2072985,,,,,
3611,7 min,Short,The Dream of Norma (2010),{},tt2073674,,,,,
3612,1 hr 16 min,Comedy Documentary,John Bishop Live: The Elvis Has Left the Building Tour (2010),{},tt2075226,,,,,
3613,,Comedy Documentary,Dov Davidoff: Filthy Operation (2010),{},tt2076189,,,,,
3614,1 hr 50 min,Romance,3 Ways to Get a Husband (2010),{},tt2076777,,,,,
3615,50 min,Documentary,Make It New John (2010),{},tt2078675,,,,,
3616,11 min,Animation Comedy Crime Drama Short,"Something Left, Something Taken (2010)",{},tt2079583,,,,,
3617,1 hr 57 min,Drama War,Ami Aadu (2010),{},tt2083925,,,,,
3618,13 min,Music Short,Choros (2012),{},tt2085773,,,,,
3619,14 min,Documentary Short,WTC Haikus (2010),{},tt2088011,,,,,
3620,1 hr 16 min,Documentary,Life and Times of Don Rosa (2010),{},tt2088821,,,,,
3621,5 min,Horror Short,My Name Is Kris Kringle (2010),{},tt2089749,,,,,
3622,,Action Short,New Moon (2010),{},tt2089752,,,,,
3623,14 min,Comedy Drama Short,27 (2010),{},tt2090444,,,,,
3624,1 hr 15 min,Comedy,Geek War (2010),{},tt2091301,,,,,
3625,,Comedy,Bring Me the Head of Lance Henriksen (2010),{},tt2093965,,,,,
3626,19 min,Action Animation Comedy Drama Short,Self Portrait as a PowerPoint Proposal for an Amusement Park Ride (2011),{},tt2095763,,,,,
3627,1 hr 28 min,Comedy,Shaquille O'Neal Presents: All-Star Comedy Jam - Live from Dallas (2010),{},tt2095765,,,,,
3628,17 min,Short,Pastourelle (2010),{},tt2099691,,,,,
3629,32 min,Drama Short,Yellow Mums (2010),{},tt2099733,,,,,
3630,2 hr 15 min,Comedy,Ross Noble: Things (2010),{},tt2100616,,,,,
3631,52 min,Documentary,Solar Impulse: The Wings of the Sun (2011),{},tt2101436,,,,,
3632,1 hr 23 min,Documentary,City Lax: An Urban Lacrosse Story (2010),{},tt2101513,,,,,
3633,12 min,Fantasy Short,Aubade (2010),{},tt2102272,,,,,
3634,1 hr 14 min,Documentary Music,Backyard (2010),{},tt2102276,,,,,
3635,2 hr 6 min,Romance,Kohi Mero (2010),{},tt2102353,,,,,
3636,1 hr 30 min,Crime Horror Thriller,Abram's Hand (2011),{},tt2106300,,,,,
3637,,Drama Short,Now/Here (2010),{},tt2106573,,,,,
3638,1 hr 31 min,Documentary,The Beat Is the Law: Fanfare for the Common People (2010),{},tt2107803,,,,,
3639,12 min,Drama Sci-Fi Short,Solum (2011),{},tt2108607,,,,,
3640,1 hr 3 min,Documentary,A Ilha dos Espíritos (2007),{},tt2109077,,,,,
3641,8 min,Drama Horror Short,A Day in the Country (2010),{},tt2111345,,,,,
3642,1 hr 4 min,Drama,Mad Sex (2010),{},tt2113711,,,,,
3643,11 min,Adventure Documentary Short,Mouse Palace (2010),{},tt2113721,,,,,
3644,1 hr 6 min,Horror,Night of Horror (2010),{},tt2113726,,,,,
3645,5 min,Action Short,Shadow Cuts (2010),{},tt2113763,,,,,
3646,20 min,Biography Documentary Short,The Future Will Not Be Capitalist (2010),{},tt2113799,,,,,
3647,7 min,Action Short,Tranquility (2010),{},tt2113814,,,,,
3648,44 min,Comedy Horror Short,Zombey (2011),{},tt2113832,,,,,
3649,1 hr 28 min,Action Adventure Animation Family Sci-Fi,Lego Hero Factory: Rise of the Rookies (2010),{},tt2114058,,,,,
3650,15 min,Drama Short,Sans titre (2010),{},tt2115385,,,,,
3651,29 min,Documentary Short Sport,Declaration of Immortality (2010),{},tt2117860,,,,,
3652,1 hr 25 min,Documentary,La bomba del Liceu (2010),"{'Domestic': 43764, 'International': 43764}",tt2117904,"March 12, 2010 (Spain)",,,,
3653,,Comedy,Linda P: Rommen er en tøjte (2010),{},tt2117912,,,,,
3654,10 min,Drama Short,Akiva (2010),{},tt2120015,,,,,
3655,50 min,Documentary,Rolling with Stone (2010),{},tt2120179,,,,,
3656,9 min,Action Short,Sexy Mortal (2010),{},tt2121809,,,,,
3657,1 hr,Comedy,Simon Amstell: Do Nothing (2010),{},tt2121810,,,,,
3658,1 min,Short,Zhest (2010),{},tt2122532,,,,,
3659,14 min,Documentary Short,I Am Micro (2010),{},tt2125526,,,,,
3660,3 min,Documentary Short,Words (2010),{},tt2126411,,,,,
3661,1 hr 53 min,Comedy Musical,Natobar Notout (2010),{},tt2137710,,,,,
3662,,Comedy,Dave Gorman: Stand Up Live (2010),{},tt2138094,,,,,
3663,19 min,Short,Phantom Rhapsody (2010),{},tt2140265,,,,,
3664,11 min,Animation Short,A Zona na Mata do Krambeck (2010),{},tt21436212,,,,,
3665,1 hr 21 min,Horror,Yule Die (2010),{},tt2149265,,,,,
3666,1 hr 35 min,Action,Kung-Fu Master (2010),{},tt2150394,,,,R,
3667,1 hr 37 min,Horror Romance,Valentine: The Satanic Day (2010),{},tt2152380,,,,,
3668,6 min,Drama Romance Short,Deja Vu (2011),{},tt2152705,,,,,
3669,39 min,Comedy,The Angina Monologues (2010),{},tt2157015,,,,,
3670,,Documentary,Alien Storms (2010),{},tt2158373,,,,,
3671,,Documentary History,The Real Story of Christmas (2010),{},tt2160401,,,,,
3672,22 min,Documentary Family,7 Secrets with Miranda Cosgrove (2010),{},tt2162048,,,,,
3673,30 min,Animation Short,H.R. Giger's Art in Motion (2010),{},tt2165819,,,,,
3674,,Documentary History,The Blue Ridge Parkway: A Long and Winding Road (2010),{},tt2166187,,,,,
3675,20 min,Short,Jan Villa (2010),{},tt2167777,,,,,
3676,1 hr 31 min,Drama,Flores silvestres (2010),{},tt2169522,,,,,
3677,3 min,Animation Short,Thought of You (2010),{},tt2170086,,,,,
3678,1 hr 11 min,Comedy Documentary,Lee Mack: Going Out Live (2010),{},tt2170475,,,,,
3679,1 hr 1 min,Music,Celtic Thunder: Christmas (2009),{},tt2170758,,,,,
3680,2 hr 17 min,Thriller,Z Day (2010),{},tt2175396,,,,,
3681,9 min,Documentary Short,Versions (2010),{},tt2175476,,,,,
3682,49 min,,Otolith III (2009),{},tt2175490,,,,,
3683,1 hr 21 min,Comedy Documentary,Billy Connolly: Live in London 2010 (2010),{},tt2175581,,,,,
3684,15 min,Drama Short,White Shoe Station (2010),{},tt2176852,,,,,
3685,10 min,Documentary Short,Centipede Sun (2010),{},tt2176894,,,,,
3686,27 min,Documentary Short,Empirical Effect (2010),{},tt2177016,,,,,
3687,1 hr 18 min,Documentary,Trading on Thin Air (2010),{},tt2177805,,,,,
3688,1 hr 15 min,Drama,The Dreams of Elibidi (2010),{},tt2179888,,,,,
3689,2 hr 57 min,Documentary,The Marketing of Madness: Are We All Insane? (2010),{},tt2180561,,,,,
3690,1 hr 15 min,Documentary,Philippine New Wave: This Is Not a Film Movement (2010),{},tt2181804,,,,,
3691,50 min,Documentary History,Big Sur-Wild California (2010),{},tt2183531,,,,,
3692,9 min,Animation Short,Beyond Enchantment (2010),{},tt2189808,,,,,
3693,24 min,Animation Short,Cosmic Alchemy (2010),{},tt2189812,,,,,
3694,46 min,Documentary,The Codes of Gender (2010),{},tt2190568,,,,,
3695,42 min,Comedy,Ben and Jeremy's Big Road Trip (2010),{},tt2197837,,,,,
3696,2 hr 46 min,Drama Music,Der fliegende Holländer (2010),{},tt2199342,,,,,
3697,1 hr 41 min,Horror,...and Then I Helped (2010),{},tt2200030,,,,,
3698,1 hr 20 min,Talk-Show,Beyond Belief (2010),{},tt2200832,,,,,
3699,3 hr 1 min,Drama,Not a Fan (2010),{},tt2201875,,,,,
3700,7 min,Short,An History of Civilisation (2010),{},tt2202373,,,,,
3701,11 min,Documentary Short,The Impossibility of Knowing (2010),{},tt2202712,,,,,
3702,1 hr 30 min,Documentary,David Bailey: Four Beats to the Bar and No Cheating (2010),{},tt2205453,,,,,
3703,,Documentary,Crossing the Ditch (2010),{},tt2207080,,,,,
3704,,Music,Episode #1.20 (1959),{},tt2207161,,,,,
3705,,Documentary Short,All the Way from Glasgow (2010),{},tt22079612,,,,,
3706,16 min,Drama Short,Black Salt Water Elegy (2010),{},tt2208364,,,,,
3707,23 min,Documentary Short,Waking the T. Rex: The Story of SUE (2010),{},tt2215743,,,,,
3708,1 hr 16 min,,Chocolate Sundaes Comedy Show: Live on Sunset Strip! (2010),{},tt2217576,,,,,
3709,1 hr 19 min,Action Horror Thriller,Killer Clown (2009),{},tt2220696,,,,,
3710,7 min,Short,"Everything Is a Remix, Part I (2010)",{},tt2223128,,,,,
3711,52 min,Documentary,National Geographic: Machu Picchu Decoded (2009),{},tt2224363,,,,,
3712,52 min,Documentary,Unhinged: Surviving Jo'burg (2010),{},tt2224549,,,,,
3713,13 min,Short,These Hammers Don't Hurt Us (2010),{},tt2229461,,,,,
3714,1 hr 16 min,Documentary,The Trouble with Pirates (2010),{},tt2231639,,,,,
3715,1 hr 15 min,Documentary,Deep Space Explorer (2010),{},tt2232452,,,,,
3716,1 hr 10 min,Crime,El asesino de la ciudad de México (2010),{},tt2234065,,,,,
3717,7 min,Comedy Short,Negerboll (2010),{},tt2235661,,,,,
3718,53 min,,Last White Man Standing (2010),{},tt2238954,,,,,
3719,,Short,Memórias Externas de uma Mulher Serrilhada (2011),{},tt2239916,,,,,
3720,1 hr 30 min,Documentary,Rich Hall's the Dirty South (2010),{},tt2241246,,,,,
3721,5 min,Animation Comedy Drama Romance Short,Mouse for Sale (2010),{},tt2241353,,,,,
3722,57 min,Documentary,Brilliant Moon: Glimpses of Dilgo Khyentse Rinpoche (2010),{},tt2242306,,,,,
3723,10 min,Adventure Documentary Short,Where She Stood in the First Place. (2011),{},tt2245311,,,,,
3724,57 min,Animation Fantasy,Alice in Wonderland (2010),{},tt2256613,,,,,
3725,7 min,Short,Storyteller (2011),{},tt2258625,,,,,
3726,,Crime Documentary,Tobin: Portrait of a Serial Killer (2010),{},tt2260257,,,,,
3727,1 hr 32 min,Music,Alice Cooper Theatre of Death Live (2010),{},tt2262988,,,,,
3728,8 min,Animation Short,The Cast of Eerie Publications Perform the Johnson-Smith Novelty Company Horror Record (2010),{},tt2263364,,,,,
3729,29 min,Comedy Short,The Rise and Fall of John Tesoro (2010),{},tt2267580,,,,,
3730,46 min,Documentary,Arabia (2011),{},tt2275519,"February 12, 2010 (Domestic)",MacGillivray Freeman Films,,,
3731,46 min,Documentary,Columbus's Cursed Colony (2010),{},tt2275599,,,,,
3732,39 min,Documentary Short,Eggsploitation (2010),{},tt2278933,,,,,
3733,5 min,Sci-Fi Short,Dark Times (2010),{},tt2281175,,,,,
3734,5 min,Animation Short,Galeria (2010),{},tt2281253,,,,,
3735,50 min,Documentary,Big Cat Odyssey (2010),{},tt2284918,,,,,
3736,6 min,Documentary Drama History Romance Short,Paint It Again (2010),{},tt2285631,,,,,
3737,23 min,Action Crime Drama Short,Passive Fist (2011),{},tt2288724,,,,,
3738,16 min,Biography Short,Haruo Ohara (2010),{},tt2289528,,,,,
3739,38 min,Horror Short,8 Wheels of Death (2010),{},tt2290077,,,,,
3740,7 min,Adventure Animation Mystery Short,Chernokids (2011),{},tt2290223,,,,,
3741,6 min,Fantasy Short,Shadow Puppet (2010),{},tt2294811,,,,,
3742,15 min,Documentary Drama Short,The Old Man and the Old Lady (2010),{},tt2297039,,,,,
3743,20 min,Short Thriller,The Whisper (2010),{},tt2301189,,,,,
3744,,Comedy,EX-Shamkar (2010),{},tt2302585,,,,,
3745,1 hr,Documentary,Baseball Chronicles (2010),{},tt2303278,,,,,
3746,1 hr 7 min,,Exodus: Shovel Headed Tour Machine - Live at Wacken (2010),{},tt2309908,,,,,
3747,1 hr 26 min,Drama,Waiting Rooms (2010),{},tt2318757,,,,,
3748,1 hr,Documentary,Ne pro sobak (2010),{},tt2319488,,,,,
3749,8 min,Drama Short,El Pozo (2010),{},tt2321258,,,,,
3750,15 min,Comedy Short,This Is My Show (2010),{},tt2322649,,,,,
3751,1 hr 30 min,Comedy,Stephen Fry Live at the Sydney Opera House (2010),{},tt2325973,,,,,
3752,2 min,Animation Short,The Deep (2010),{},tt2326005,,,,,
3753,1 hr 37 min,Action,Get Outta Dodge (2010),{},tt2328680,,,,,
3754,6 min,Animation Biography Mystery Short,Rytual (2010),{},tt2328731,,,,,
3755,1 hr 57 min,Documentary,The Decameron (2010),{},tt2329600,,,,,
3756,55 min,Drama,The Last October 7th (2010),{},tt2332310,,,,,
3757,56 min,Documentary,Pricele$$ (2010),{},tt2343687,,,,,
3758,1 hr,Documentary,Sonny Rollins '74-Rescued! (2012),{},tt2344047,,,,,
3759,17 min,Horror Short,Fear of the Living Dead (2010),{},tt2352238,,,,,
3760,1 hr 33 min,Documentary,Agenda: Grinding America Down (2010),{},tt2360880,,,,,
3761,1 hr 12 min,Documentary,A Long Weekend with the Son of God (2010),{},tt2363057,,,,,
3762,1 hr 26 min,Horror,Night of the Living Heads (2010),{},tt2363070,,,,,
3763,4 min,Comedy Horror Short,No Pressure (2010),{},tt2363124,,,,,
3764,,Documentary Short,Disney People and Places: Archiving the Archives Forty Years of Preserving the Magic (2010),{},tt2368757,,,,,
3765,1 hr 33 min,Documentary,"Faust II reloaded - Den lieb ich, der Unmögliches begehrt! (2010)",{},tt2368837,,,,,
3766,15 min,Animation Short,Restart (2010),{},tt2372068,,,,,
3767,1 hr 27 min,Romance,Drogam: Nadanthathu Enna? (2010),{},tt2375382,,,,,
3768,15 min,Drama Short Thriller,Caterpillar (2012),{},tt2381929,,,,,
3769,1 hr 30 min,Family,A Heartland Christmas (2010),{},tt2395123,,,,,
3770,28 min,Drama Sci-Fi Short,576-Orgy (2010),{},tt2395406,,,,,
3771,5 min,Animation Short,Going Green (2010),{},tt2408618,,,,,
3772,44 min,Horror Short,Attack of the Octopus People (2010),{},tt2422628,,,,,
3773,10 min,Drama Short,The Interview with a Courteous Murderer (2008),{},tt2424402,,,,,
3774,1 hr 36 min,Documentary,Into the Lost Crystal Caves (2010),{},tt2432270,,,,,
3775,1 hr 40 min,Drama,No olho da rua (2010),"{'Domestic': 4604, 'International': 4604}",tt2437816,"May 13, 2011 (Brazil)",,,,
3776,1 hr 28 min,Music,Bad Company: Hard Rock Live (2010),{},tt2443204,,,,,
3777,1 hr,Comedy,Problem Child: Leslie Jones (2010),{},tt2450366,,,,,
3778,1 hr 3 min,Documentary,The Just Trial and Error (2010),{},tt2452454,,,,,
3779,9 min,Animation Comedy Short,Little Quentin (2010),{},tt2458032,,,,,
3780,,Comedy Documentary,Russell Brand: The World According to Russell Brand (2010),{},tt2470170,,,,,
3781,1 hr 28 min,Crime,American Fetish (2011),{},tt2470938,,,,,
3782,1 hr,Documentary,America's Doomsday Plan (2012),{},tt2490456,,,,,
3783,,Documentary,Local H: 68 Angry Minutes (2010),{},tt2492582,,,,,
3784,46 min,Documentary,Killing Us Softly 4: Advertising's Image of Women (2010),{},tt2507550,,,,,
3785,1 hr 15 min,Sport,The Way I See It (2010),{},tt2524628,,,,,
3786,1 hr 56 min,Horror,Satan Claus (2010),{},tt25401492,,,,,
3787,2 hr 32 min,Documentary,210 Days: Around the World with Jessica Watson (2010),{},tt2542530,,,,,
3788,1 hr 13 min,Drama,Finde (2010),{},tt2555696,,,,,
3789,,Music,AIX All Star Band: Goldberg Variations Acoustica (2010),{},tt2561476,,,,,
3790,2 hr 2 min,Drama,My Husband's Wife (2010),{},tt2569314,,,,,
3791,1 hr 30 min,Biography,Justin Bieber: This Is My World (2011),{},tt2604330,,,,,
3792,2 hr 5 min,Drama,Aata Pita (2010),{},tt2606526,,,,,
3793,4 min,Horror Short,Demonitron: The Sixth Dimension (2010),{},tt2622540,,,,,
3794,,Short,Transcomunicação (2010),{},tt2624002,,,,,
3795,1 hr 15 min,Horror,I Told You Not to Call the Police (2010),{},tt2630828,,,,,
3796,1 hr 21 min,Action Adventure Animation Fantasy,Zorro and Scarlet Whip Revealed! (2010),{},tt2644722,,,,,
3797,40 min,Drama,Matted (2010),{},tt2646912,,,,,
3798,1 hr,Action,Detective Story (2010),{},tt2651094,,,,,
3799,,Documentary,Beautiful Equations (2011),{},tt2665078,,,,,
3800,11 min,Horror Short,Black Hole (2010),{},tt2670746,,,,,
3801,1 hr 18 min,Documentary,Ma che storia... (2010),{},tt2692692,,,,,
3802,1 hr 45 min,Drama,Dog God and Full Water (2010),{},tt2699748,,,,,
3803,1 hr 44 min,Biography Documentary Sport,The Two Escobars (2010),"{'Domestic': 14457, 'International': 14457}",tt2700330,"August 27, 2010 (Domestic)",All Rise Films,,,
3804,45 min,Biography Documentary,The Real Bronson (2010),{},tt2705104,,,,,
3805,22 min,Documentary Short,Let's Save the Orinoco Croc (2010),{},tt27073285,,,,,
3806,1 hr 21 min,Comedy Horror,Big Junior (2010),{},tt2715764,,,,,
3807,1 hr 45 min,Comedy Drama Romance,"And, There You Are (2010)",{},tt2719032,,,,,
3808,11 min,Animation Short,The Quiet Life (2010),{},tt2724472,,,,,
3809,1 hr,Action Adventure Documentary Sport,Jeremy Jones' Deeper (2010),{},tt2728056,,,,,
3810,6 min,Animation Short,Forming Game (2008),{},tt2735038,,,,,
3811,25 min,Documentary Short,The Gardener and His 21 Flowers (2010),{},tt2751024,,,,,
3812,,Documentary,Wätterschmöcker (2010),{},tt2753494,,,,,
3813,1 hr 30 min,Documentary,Zelal (2010),{},tt2754544,,,,,
3814,2 hr 1 min,Thriller,Burning Inside (2010),{},tt2762686,,,,,
3815,42 min,Short,Now You Know (2010),{},tt2765632,,,,,
3816,53 min,,You Don't Go to Hell for Eating Elephants (2010),{},tt2765772,,,,,
3817,12 min,Drama Short,Poi Dogs (2010),{},tt2775844,,,,,
3818,1 hr 27 min,Documentary,4 the Fans: Michael Jackson (2010),{},tt2776422,,,,,
3819,,Short,Bigger Splash (2010),{},tt2779960,,,,,
3820,,Short,Super Queer (2010),{},tt2780036,,,,,
3821,10 min,Short,The Baby Watcher (2010),{},tt2783428,,,,,
3822,4 min,Animation Short,Extinction of the Saber-Toothed Housecat (2010),{},tt2786736,,,,PG,
3823,22 min,Drama Short,My Father (2010),{},tt2799968,,,,,
3824,2 hr 32 min,Musical Romance,Mireille (2009),{},tt2813560,,,,,
3825,1 hr 10 min,Comedy,Stewart Francis: Tour De Francis (2010),{},tt2825870,,,,,
3826,30 min,Short Sport,Onde nostre (2010),{},tt2835610,,,,,
3827,6 min,Drama Short,God for a Day (2010),{},tt2865202,,,,,
3828,55 min,,Sesame Street: Elmo and Zoe's Scientific Exploration (2007),{},tt2909580,,,,,
3829,2 hr 13 min,Drama Musical Romance,Just Maath Maathalli (2010),{},tt2914048,,,,,
3830,1 hr 8 min,Documentary,Justice on Trial: The Case of Mumia Abu-Jamal (2010),{},tt2928900,,,,,
3831,59 min,Documentary History Sport,Eiger: Wall of Death (2010),{},tt2946634,,,,,
3832,51 min,Documentary,Alexandria: The Greatest City (2010),{},tt2955246,,,,,
3833,,Documentary,Arise: The Sri Lankan Metal Music Documentary (2010),{},tt2956650,,,,,
3834,8 min,Animation Fantasy Short,Lumaajuuq (2010),{},tt2957692,,,,,
3835,4 min,Animation Comedy Short,The Bear Facts (2010),{},tt2963192,,,,,
3836,21 min,Drama Short,Returnee (2010),{},tt2989704,,,,,
3837,51 min,Documentary Sport,The Fit Finlays (2010),{},tt3021148,,,,,
3838,1 hr 22 min,Horror,Deadville (2010),{},tt3058430,,,,,
3839,7 min,Adventure Short,"Roots, Beets and Russia (2010)",{},tt3063034,,,,,
3840,1 hr 23 min,Horror,A Fucking Cruel Nightmare (2010),{},tt3063586,,,,,
3841,1 hr 34 min,Comedy,Richard Herring: The Headmaster's Son (2010),{},tt3072790,,,,,
3842,1 hr 2 min,Biography Documentary History,Righteous Stepinac (2010),{},tt3073842,,,,,
3843,,Documentary,The Rime of the Modern Mariner (2010),{},tt3102608,,,,,
3844,4 min,Animation Short,Don't Tell Santa You're Jewish! (2010),{},tt3110394,,,,,
3845,26 min,Animation Short,Kamene (2010),{},tt3110512,,,,,
3846,11 min,Drama Short,Cold Snap (2013),{},tt3126174,,,,,
3847,1 hr 19 min,Documentary Music,Velvet Revolver: Live in Houston (2005),{},tt3129314,,,,,
3848,1 hr 10 min,Comedy Documentary,Danny Bhoy: Subject to Change (2010),{},tt3131034,,,,,
3849,4 min,Animation Short,Light Forms (2010),{},tt3143118,,,,,
3850,2 hr 8 min,Drama,6 Hours to Christmas (2010),{},tt3162180,,,,,
3851,,Music,Bryan Adams & Jason Aldean (2008),{},tt3168834,,,,,
3852,,Drama Romance,Eno Onthara (2010),{},tt3172160,,,,,
3853,41 min,Short Sport,Severe Kart Racing (2010),{},tt3209118,,,,,
3854,59 min,Documentary,Ride of My Life: The Story of the Bicycle (2010),{},tt3227322,,,,,
3855,46 min,Family,Ruby's Studio: The Feelings Show (2010),{},tt3229074,,,,,
3856,,Horror,Takien: The Haunted Tree (2010),"{'Domestic': 117338, 'International': 117338}",tt3230166,"June 17, 2010 (Thailand)",,,,
3857,1 hr 21 min,Family,The Runner from Ravenshead (2010),{},tt3252360,,,,,
3858,1 hr 25 min,Comedy,Rhod Gilbert and the Cat That Looked Like Nicholas Lyndhurst (2010),{},tt3253522,,,,,
3859,1 hr,Documentary,Sea the Truth (2010),{},tt3254040,,,,,
3860,1 min,Animation Comedy Short,Metro (2010),{},tt3255818,,,,,
3861,4 min,Comedy Short,Efecto Kuleshov - Segundo Experimento (2010),{},tt3255830,,,,,
3862,27 min,Short,Why Colonel Bunny Was Killed (2010),{},tt3258098,,,,,
3863,40 min,Short,Barney: Egg-Cellent Adventures (2010),{},tt3280232,,,,,
3864,1 hr 33 min,Documentary,Cancer: The Forbidden Cures (2010),{},tt3290338,,,,,
3865,1 hr 31 min,Documentary Music,Gypsy Spirit: Harri Stojka - Eine Reise (2010),"{'Domestic': 84370, 'International': 84370}",tt3296144,"September 3, 2010 (Austria)",,,,
3866,1 hr 2 min,Comedy,Roy Chubby Brown: Pussy & Meatballs (2010),{},tt3307692,,,,,
3867,1 hr 46 min,Documentary Music,Leonard Cohen: Bird on a Wire (1974),{},tt3314154,,,,,
3868,6 min,Comedy Short,32 Radians (2010),{},tt3317668,,,,,
3869,1 hr 22 min,Biography Documentary,John Lennon: Love Is All You Need (2010),{},tt3345610,,,,,
3870,,Romance,Char Divas Premache (2008),{},tt3362662,,,,,
3871,1 hr 22 min,Documentary Sport,Core (2010),{},tt3368930,,,,,
3872,,Comedy,Strassman Ted E's Farewell (2010),{},tt3374592,,,,,
3873,2 hr,Comedy,Richard Herring: Hitler Moustache (2010),{},tt3376850,,,,,
3874,1 hr 26 min,Reality-TV,Jessica Sinclaire Presents: Confessions of A Lonely Wife (2010),{},tt3384176,,,,,
3875,2 hr,Comedy Drama,Not Porn (2010),{},tt3385676,,,,,
3876,11 min,Short,The Name Is Not the Thing Named (2012),{},tt3430056,,,,,
3877,1 hr 25 min,Drama Romance,Here I Am (2010),{},tt3437386,,,,,
3878,,Horror,Dementia: Alone (2010),{},tt3446122,,,,,
3879,1 hr 21 min,Comedy,Cinematic Titanic: The Alien Factor (2010),{},tt3492076,,,,,
3880,1 hr 28 min,Comedy,Cinematic Titanic: Danger on Tiki Island (2010),{},tt3492080,,,,,
3881,1 hr 20 min,Drama Fantasy Horror,Evidence of a Haunting (2010),"{'Domestic': 29904, 'International': 29904}",tt3502802,"August 26, 2011 (Domestic)",Nocturnal Features,16800.0,,
3882,35 min,Drama Short,Sun in My Mouth (2010),{},tt3513760,,,,,
3883,45 min,Action Documentary Sport,Follow Me (2010),{},tt3514810,,,,,
3884,12 min,Action Drama Short Thriller,6 Short Films (2010),{},tt3525478,,,,,
3885,32 min,Short Sport,Hello World (2010),{},tt3529420,,,,,
3886,,Short,Ausstieg (2010),{},tt3563120,,,,,
3887,1 hr 25 min,Documentary Music,Decade of Disturbed (2010),{},tt3587706,,,,,
3888,1 hr 41 min,Musical,Riverdance Live from Beijing (2010),{},tt3601468,,,,,
3889,,Family Short,The Science of Disney Imagineering: Newton's 3 Laws of Motion (2010),{},tt3603952,,,,,
3890,1 hr 1 min,Documentary,Golgota Basarabiei (2010),{},tt3617966,,,,,
3891,5 min,Drama Short,Tiny Fingers (2010),{},tt3624232,,,,,
3892,10 min,Animation Short,Clown's Revolution (2010),{},tt3642632,,,,,
3893,1 hr 54 min,Documentary,'70 Remembering a Revolution (2010),{},tt3672192,,,,,
3894,4 min,Animation Fantasy Horror Short,Mighty Antlers (2011),{},tt3680540,,,,,
3895,6 min,Animation Music Short,The Dark Night of the Soul (2010),{},tt3681082,,,,,
3896,8 min,Drama Short,Thoughts of a Dead Atheist (2010),{},tt3683196,,,,,
3897,8 min,Animation Short,Blik (2010),{},tt3684362,,,,,
3898,,Comedy Documentary,Stephen K Amos: The Feelgood Factor (2010),{},tt3688022,,,,,
3899,49 min,Documentary,The Felix Baumgartner Story (2010),{},tt3690562,,,,,
3900,5 min,Animation Short,"Please, Call Back Later (2010)",{},tt3707586,,,,,
3901,59 min,Documentary,Deadliest Crash: The 1955 Le Mans Disaster (2010),{},tt3713880,,,,,
3902,,Animation Short,Interregnum (2010),{},tt3715402,,,,,
3903,59 min,Documentary Music,She's a Punk Rocker UK (2010),{},tt3721692,,,,,
3904,1 hr 32 min,Documentary,Engineering the Impossible: Egypt (2010),{},tt3725062,,,,,
3905,2 hr,Action Crime Drama Thriller,A Small Town Called Descent (2010),{},tt3726330,,,,,
3906,,Documentary,Black Purdue (2010),{},tt3735194,,,,,
3907,,Documentary,Under the Radar: Burma (2010),{},tt3777826,,,,,
3908,14 min,Documentary Short,Amanar tamasheq (2010),{},tt3785890,,,,,
3909,55 min,Action Comedy Music,2 Everything 2 Terrible 2: Tokyo Drift (2010),{},tt3853700,,,,,
3910,1 hr 30 min,Drama,More Than Chance (2010),{},tt3902054,,,,,
3911,1 hr 33 min,Comedy,Leslie Jordan: My Trip Down the Pink Carpet (2010),{},tt3993804,,,,,
3912,1 hr,Music,Michael Schenker Group: The 30th Anniversary Concert - Live in Tokyo (2010),{},tt4008478,,,,,
3913,3 hr 10 min,Biography Documentary Music,Brian Wilson: Songwriting 1961-1969 (2010),{},tt4012170,,,,,
3914,,Sport,2010 Tostitos Fiesta Bowl (2010),{},tt4054250,,,,,
3915,6 min,Short,Honeypot (2010),{},tt4066760,,,,,
3916,11 min,Short,Le Corbusier in Calabria (2010),{},tt4075364,,,,,
3917,1 hr,Documentary,Inuit Knowledge and Climate Change (2010),{},tt4081544,,,,,
3918,1 hr 31 min,Documentary,"Animals, Whores & Dialogue: Breakfast with Hunter Vol. 2 (2010)",{},tt4122714,,,,,
3919,4 min,Animation Horror Short,The Horror of Dracula (2010),{},tt4136698,,,,,
3920,34 min,Documentary Short,Get Out of the Car (2010),{},tt4145582,,,,,
3921,20 min,Documentary Short,Magic for Beginners (2010),{},tt4145636,,,,,
3922,40 min,Documentary Short,The Home Front (2010),{},tt4145800,,,,,
3923,54 min,Documentary,Guadalupe: A Living Image (2010),{},tt4250278,,,,,
3924,1 hr 34 min,Comedy,Phua Chu Kang: The Movie (2010),"{'Domestic': 691336, 'International': 691336}",tt4254164,"August 12, 2010 (Singapore)",,,,
3925,1 hr 31 min,Documentary,Civil War: Left for Dead (2010),{},tt4264800,,,,,
3926,,Action,Irandu Mugam (2010),{},tt4318022,,,,,
3927,5 min,Sci-Fi Short,Make/Real (2010),{},tt4329480,,,,,
3928,,Family,Shukno Lanka (2010),{},tt4338242,,,,,
3929,1 hr 26 min,Action Adventure Comedy Horror Sci-Fi Thriller,Megaconda (2010),{},tt4354312,,,,,
3930,3 hr,Drama,Mask of Life on Yukio Mishima (2010),{},tt4382950,,,,,
3931,,Animation Mystery Short,Wilson Periera (2010),{},tt4475124,,,,,
3932,4 min,Short,Sinclair (2010),{},tt4524428,,,,,
3933,1 min,Animation Short,Santa and Death (2010),{},tt4528500,,,,,
3934,1 hr 35 min,Crime,Queen Pin (2010),{},tt4568166,,,,,
3935,1 hr 20 min,,Revolver: Poor Boyz (2010),{},tt4571226,,,,,
3936,52 min,,Nowhere (2010),{},tt4571266,,,,,
3937,2 hr,Music,Eros Roma Live (2004),{},tt4573690,,,,,
3938,38 min,Documentary Short,Street Sultans (2010),{},tt4591774,,,,,
3939,,Documentary,Heaven 17: The Story of Penthouse and Pavement (2010),{},tt4597068,,,,,
3940,55 min,Action Sport,"Kickstart 2: Past, Present, Future (2010)",{},tt4610606,,,,,
3941,35 min,Short,F' It (2010),{},tt4610618,,,,,
3942,36 min,Documentary Drama Short,Too Many Things (2010),{},tt4624642,,,,,
3943,52 min,,Grand Canyon Serenade (2010),{},tt4680960,,,,,
3944,22 min,Comedy Drama Short,Chainsaw Found Jesus (2010),{},tt4694374,,,,,
3945,19 min,Documentary Short,Translating Edwin Honig: A Poet's Alzheimer (2010),{},tt4706536,,,,,
3946,6 min,Short,Cold Fronts (2010),{},tt4723582,,,,,
3947,45 min,Documentary,Toby Ross & the 70's (2010),{},tt4728324,,,,,
3948,1 hr 31 min,Documentary Music,Paris Jazzed Out (2010),{},tt4814502,,,,,
3949,4 min,Comedy Short,The Elevator (2010),{},tt4830510,,,,,
3950,7 min,Animation Short,Waseteg (2010),{},tt4863632,,,,,
3951,18 min,Short,Round Up (2010),{},tt4963642,,,,,
3952,10 min,Short,Si Monumentum Requiris Circumspice (2010),{},tt4970978,,,,,
3953,42 min,Comedy,Jeremy Hotz: What a Miserable DVD This Is (2010),{},tt5202270,,,,,
3954,,Action,13 May Gulaabi Nagar (2010),{},tt5226638,,,,,
3955,45 min,Documentary,The Man Who Can't Stop Hiccupping (2010),{},tt5307200,,,,,
3956,,Short,Lies (2010),{},tt5329676,,,,,
3957,1 hr 24 min,Documentary,Rambo: To Hell and Back - Director's Production Diary (2010),{},tt5368366,,,,,
3958,45 min,Horror,Zombie on the Loose (2010),{},tt5448582,,,,,
3959,49 min,Horror,Nasty Nancy (2010),{},tt5450160,,,,,
3960,2 min,Animation Short,The Interview (2010),{},tt5508522,,,,,
3961,2 min,Drama Short,La veglia (2010),{},tt5523062,,,,,
3962,1 hr 56 min,Comedy,Alex Agnew: More Human Than Human (2010),{},tt5610094,,,,,
3963,9 min,Animation Short,9 1/2 Minutes (1993),{},tt5694626,,,,,
3964,12 min,Short,Temp Stop (Re'Search Wait'S) (2010),{},tt5865004,,,,,
3965,27 min,Short,Ready (Re'Search Wait'S) (2010),{},tt5865016,,,,,
3966,28 min,Short,Roamie View: History Enhancement (Re'Search Wait'S) (2010),{},tt5865024,,,,,
3967,2 hr 35 min,Music,Doro: 25 Years in Rock (2010),{},tt5872278,,,,,
3968,22 min,Drama Short Thriller,Record (2010),{},tt5947652,,,,,
3969,1 hr 30 min,Documentary,In the Beginning There Was Light (2013),{},tt6051060,,,,,
3970,6 min,Animation Horror Short,Lollipop (2010),{},tt6076752,,,,,
3971,1 hr 56 min,Horror Musical,Write a Book About It (2010),{},tt6189784,,,,,
3972,1 hr 6 min,Documentary,Deadliest Disease in America (2010),{},tt6215260,,,,,
3973,1 hr 45 min,Action Adventure,The Black Panter (2010),{},tt6290396,,,,,
3974,1 hr 30 min,Action Drama,A Wall for Cecilia (2010),{},tt6290432,,,,,
3975,,Documentary Music,Saxon: Heavy Metal Thunder (2010),{},tt6327536,,,,,
3976,16 min,Documentary Short,Gollop (2010),{},tt6334620,,,,,
3977,12 min,Action Short,Beyond Black Mesa (2010),{},tt6401390,,,,,
3978,1 hr 46 min,Comedy,Being Human (2010),{},tt6510846,,,,,
3979,1 hr 17 min,Documentary,Fragile (2010),{},tt6516398,,,,,
3980,1 hr 50 min,Documentary,Leonard Cohen: Leonard Cohen's Lonesome Heroes (2010),{},tt6566538,,,,,
3981,1 hr 1 min,Documentary,Sex in an Epidemic (2010),{},tt6740406,,,,,
3982,16 min,Drama Short,Timeless (2010),{},tt6782022,,,,,
3983,5 min,Animation Comedy Short,Va bene? (2010),{},tt6786888,,,,,
3984,1 hr 13 min,Drama,We Have to Stop Now (2010),{},tt6915412,,,,,
3985,4 min,Action Comedy Short,Ninja Eliminator (2010),{},tt6960906,,,,,
3986,6 min,Action Comedy Short,Ninja Eliminator 2: Quest of the Magic Ninja Crystal (2010),{},tt6968548,,,,,
3987,3 min,Short,Red Head Red Dead (2010),{},tt7026334,,,,,
3988,30 min,Documentary Short,The Meeting of a Thousand Suns (2010),{},tt7060884,,,,,
3989,13 min,Drama Short,Salve Regina (2010),{},tt7201714,,,,,
3990,4 min,Documentary Family Short,Our Marine World Heritage (2010),{},tt7365848,,,,,
3991,58 min,Documentary Music,Rush: 2112 & Moving Pictures (2010),{},tt7422238,,,,,
3992,55 min,Documentary,World War II: Saving the Reality (2010),{},tt7496808,,,,,
3993,1 hr 15 min,Documentary,Ian Dury: Rare and Unseen (2010),{},tt7502204,,,,,
3994,1 hr 4 min,Documentary,David Bowie: Rare and Unseen (2010),{},tt7502284,,,,,
3995,52 min,Drama,Vampire Sisters (2010),{},tt7503772,,,,,
3996,4 hr 16 min,Music,Amorphis: Forging the Land of Thousand Lakes (2010),{},tt7506586,,,,,
3997,46 min,Documentary,Encountering Burning Man (2010),{},tt7637858,,,,,
3998,14 min,Short,Jackson Heights (2010),{},tt7642272,,,,,
3999,,Drama,Ars (2010),{},tt7779160,,,,,
4000,50 min,Horror,Goodbye Dolly (2010),{},tt8090084,,,,,
4001,2 min,Drama Short,Blood of Havana (2010),{},tt8137362,,,,,
4002,,Comedy,"Brakefail, The 4 mechanics (2010)",{},tt8159864,,,,,
4003,17 min,Documentary Short,When All the Leaves Are Gone (2010),{},tt8281898,,,,,
4004,29 min,Short,Patent Absurdity (2010),{},tt8532410,,,,,
4005,59 min,Documentary,Davis v Taylor: The '85 Black Ball Final (2010),{},tt8601404,,,,,
4006,16 min,Drama Short,Flesh and Matter are Sacred (2010),{},tt8611026,,,,,
4007,47 min,Documentary,Peculiar Pets (2010),{},tt8919088,,,,,
4008,52 min,Documentary,The Electricity Fairy (2011),{},tt9007328,,,,,
4009,2 hr 40 min,Comedy,As You Like It (2010),{},tt9569544,,,,,
4010,1 hr 30 min,Sport,2009-2010 NBA Champions - Los Angeles Lakers (2010),{},tt9682412,,,,,
4011,1 hr 34 min,Documentary,Malditos Cartunistas (2011),{},tt9724366,,,,,
4012,40 min,Short,Lightmaze (2010),{},tt9791580,,,,,
